3208 4992
92 4640 165 4664 A

745 263 967 327 ..54.ss

217 445 369 527 νομήσας,
400 443 454 506 καὶ
476 443 555 506 ἄλλα
577 459 609 506 τε·
631 441 732 505 πολλὰ
763 442 872 512 καλῶς
901 442 1026 523 πράξας
1056 440 1110 504 καὶ
1139 447 1205 511 ταῖς
1236 441 1348 510 οἰκίαις
1374 447 1442 512 ταῖς
1466 441 1505 504 ἓν

216 557 263 632 τῷ
294 553 352 614 drea
383 551 495 632 ἐκείνῳ
517 547 549 614 h.
573 569 600 614 e.
631 567 720 613 anno
744 545 853 612 XXVI
876 567 905 612 a
922 545 954 612 G.
973 567 1005 612 n.
1036 548 1284 631 ἐμπρησθείσας
1314 548 1506 630 ἐπικουρίαν

216 658 295 742 μετὰ
311 663 376 721 τῶν
392 659 506 720 ἑαυτοῦ
531 656 657 720 δούλιον
672 655 726 718 καὶ
741 656 817 738 μεθ’
842 657 960 738 ἑτέρων
973 661 1067 719 τινῶν
1082 656 1257 738 μισθωτῶν
1273 656 1505 737 ποιησάμενος,

217 765 271 828 καὶ
294 764 346 828 διὰ
368 769 460 828 τοῦτο
483 765 520 826 τά
542 787 575 827 τε
598 763 793 846 ἀναλώματα
815 763 853 826 τὰ
875 769 913 846 τῇ
944 764 1029 846 ἀρχῇ
1059 763 1157 826 αὐτοῦ
1183 763 1387 844 προσήκοντα
1409 761 1503 844 παρὰ

217 877 273 935 τοῦ
297 872 403 954 δήμου
429 871 540 953 ἔλαβεν
561 871 616 934 καὶ
638 869 811 954 στρατηγὸς
832 870 1033 953 παρανόμως
1055 868 1267 955 ἀπεδείχθηέ)

323 975 417 1042 Haec
432 975 569 1060 ngilum
585 975 813 1042 Romanorum
829 995 1018 1061 eorumque,
1040 977 1097 1062 qui
1111 975 1152 1040 iis
1168 977 1355 1062 praeerant,
1377 975 1503 1040 trium-

218 1084 365 1150 uirorum
387 1086 626 1150 nocturnorum
647 1082 816 1149 institutio
841 1103 948 1169 usque
971 1080 1016 1148 ad
1030 1083 1175 1166 Augusti
1199 1085 1348 1149 aetatem
1369 1083 1507 1166 integra

217 1191 378 1257 constitit.
428 1190 476 1256 At
504 1191 680 1272 Augustus
714 1192 824 1256 totam
855 1210 926 1256 rem
959 1209 1094 1276 prorsus
1127 1189 1329 1256 immutauit.
1374 1187 1504 1254 Verum

219 1299 387 1364 enimuero
423 1319 497 1363 oum
534 1317 600 1362 uno
636 1297 689 1362 die
724 1295 821 1382 plura
854 1295 1009 1363 incendia
1040 1296 1166 1363 Rornae
1201 1297 1366 1362 orirentur
1391 1295 1506 1382 iisque

219 1401 472 1488 exstinguendis
495 1424 557 1470 nee
578 1403 744 1469 triumuiri
766 1403 923 1470 nocturni
944 1422 1007 1470 nec
1029 1399 1155 1469 aediles
1187 1406 1223 1470 et
1245 1403 1371 1469 tribuni
1392 1402 1506 1489 plebis

219 1509 425 1594 sufficerent,
448 1510 624 1593 Augustus
657 1510 798 1594 „maluit
827 1531 886 1597 per
917 1531 953 1576 se
980 1509 1058 1576 huic
1080 1511 1128 1576 rei
1152 1509 1341 1595 consuli“.²)
1386 1511 1504 1595 Atque

219 1618 361 1705 primum
385 1618 517 1703 quidem
541 1639 630 1684 anno
650 1616 760 1683 XXVI
783 1639 811 1685 a.
829 1617 861 1685 G.
877 1638 909 1683 n.
933 1616 1098 1683 aedilibus
1121 1617 1307 1700 mandauit,
1332 1620 1507 1697 cauerent,

219 1747 262 1791 ne
286 1745 355 1811 qua
383 1725 540 1791 incendia
563 1725 735 1809 mirentur,
768 1726 829 1790 aut
859 1725 888 1789 si
912 1727 986 1790 orte
1009 1726 1133 1808 essent,
1157 1724 1244 1808 ignis
1270 1721 1504 1806 restinguendi

220 1852 333 1898 eurem
357 1835 518 1915 gererent.
526 1833 550 1913 ⁸)
596 1830 763 1912 Quattuor
786 1835 902 1898 autem
925 1833 1024 1898 annis
1046 1835 1124 1918 post
1147 1829 1310 1897 aedilibus
1326 1833 1506 1896 sescentos

220 1959 336 2006 seruos
352 1937 578 2005 incendiorum
594 1938 914 2021 exstinguendorum
930 1959 1034 2005 causa
1049 1937 1150 2023 dedit,
1157 1939 1182 2018 ⁴)
1198 1936 1320 2024 quibus
1336 1957 1424 2003 anno
1440 1935 1506 2002 VII

220 2068 250 2113 a.
270 2045 302 2112 G.
318 2066 350 2110 n.
374 2045 522 2111 uicorum
546 2045 697 2128 magistri
719 2043 881 2130 praetecti
897 2047 1017 2132 sunt.⁶)
1063 2043 1190 2111 Deinde
1207 2064 1297 2110 anno
1312 2044 1358 2110 VI
1372 2065 1402 2130 p.
1419 2043 1452 2110 G.
1469 2061 1505 2110 n.

220 2155 394 2237 Augustus
424 2155 605 2238 postquam
634 2151 751 2217 urbem
780 2152 815 2217 in
838 2151 916 2218 XIV
938 2152 1090 2234 regiones
1112 2151 1325 2238 potissimum
1354 2151 1432 2218 huic
1454 2150 1506 2216 rei

221 2259 345 2341 diuisIt,
377 2261 529 2344 „septem
560 2258 712 2325 cohortes
743 2257 882 2342 uigiium
912 2260 1106 2346 opportunis
1137 2257 1219 2325 locis
1250 2259 1434 2342 constItuit,
1463 2261 1508 2324 ut

221 2366 494 2449 binas·regiones
522 2365 613 2431 urbis
636 2386 859 2452 unaquaeque
883 2367 1001 2433 eohors
1024 2368 1161 2433 tueatur
1185 2364 1252 2433 scit
1269 2365 1312 2432 ab
1328 2363 1504 2448 incendiis

221 2473 420 2560 praepositis
445 2473 493 2538 eis
516 2473 659 2539 tribunis
683 2477 718 2538 et
740 2494 840 2561 super
863 2491 980 2539 omnes
1002 2471 1188 2561 [spectabili
1210 2470 1293 2561 uiro]
1325 2473 1382 2560 qui
1404 2493 1504 2559 prae·

221 2581 331 2648 fectus
355 2579 493 2664 uigilum
517 2578 766 2667 appellatur“.⁶)
801 2579 1084 2646 Verisimillimum
1107 2583 1223 2647 autern
1243 2583 1296 2646 est
1310 2581 1507 2663 Augustum

221 2687 287 2754 hac
316 2688 351 2753 in
381 2707 417 2753 re
441 2685 669 2753 Alexandrina
698 2686 858 2752 instituta
888 2687 928 2753 ad
954 2686 1152 2753 imitandum
1184 2686 1248 2752 sibi
1279 2685 1503 2773 proposuisse,

223 2815 290 2880 qua
319 2794 355 2859 in
385 2793 466 2860 urbe
493 2792 711 2860 iamdudum
733 2795 972 2878 concordiense
1003 2796 1105 2880 atque
1127 2795 1307 2878 νυκτερινὸς
1329 2795 1506 2877 στρατηγός

223 2904 320 2967 erant
342 2900 557 2988 constitutis)
602 2900 729 2967 Romae
759 2901 861 2984 igItur
889 2899 955 2966 illis
985 2900 1190 2986 temporibus
1221 2902 1352 2987 septem
1378 2899 1507 2988 milia⁸)

222 3007 362 3092 uigilum
378 3028 420 3073 ex
434 3007 563 3073 Latmis
580 3009 683 3094 atque
697 3007 862 3074 libertinis
869 3005 894 3095 ⁹)
910 3009 1170 3094 conscriptorum
1185 3006 1331 3074 fuerunt.
1359 3007 1407 3073 At
1422 3025 1504 3074 uero

224 3135 353 3181 summo
387 3115 422 3179 in
457 3135 563 3180 errore
597 3118 754 3181 uersatur
775 3115 997 3203 Appianusw)
1031 3135 1107 3180 eum
1138 3113 1219 3181 dicit
1251 3113 1348 3180 haec:
1383 3116 1438 3179 καὶ
1470 3116 1507 3190 ἐξ

224 3225 345 3288 ἐκείνου
361 3223 393 3287 h.
410 3243 437 3288 e.
454 3241 496 3287 ex
511 3240 600 3288 anno
616 3221 757 3288 XXXVI
772 3242 801 3288 a
816 3221 847 3288 O.
860 3243 892 3288 n.
909 3241 974 3308 quo
988 3221 1112 3288 Caesar
1123 3219 1331 3288 Octauianus
1347 3221 1505 3287 omnibus

224 3350 340 3415 pacem
375 3348 525 3394 securem
560 3327 749 3395 reddiderat
782 3331 861 3412 φασὶ
893 3337 1085 3413 παραμεῖναι
1118 3329 1154 3394 τὸ
1184 3337 1240 3413 τῆς
1266 3335 1409 3412 στρατιᾶς
1437 3334 1505 3394 τῶν

332 3542 350 3612 ¹)
368 3541 421 3597 Di0
442 3541 502 3596 LIII
521 3541 565 3608 24,
574 3541 601 3596 4.
638 3542 709 3598 Vell.
729 3542 839 3598 Patere·
858 3540 981 3608 1191,3.

331 3629 351 3701 r)
369 3631 456 3702 Dig.I
477 3632 554 3698 15,1.

332 3721 350 3791 Β)
370 3719 424 3774 Dio
442 3720 503 3775 LIII
521 3719 601 3786 246.

330 3809 351 3879 ⁴)
370 3809 423 3864 Dio
442 3810 504 3864 LIV
521 3809 546 3874 2,
557 3809 583 3864 4.

332 3899 351 3968 ⁶)
372 3900 449 3954 Suet.
468 3899 539 3969 Aug.
558 3897 602 3954 30.
639 3898 693 3976 Dio
712 3898 761 3954 LV
773 3898 799 3965 8,
810 3897 836 3955 7.

332 3988 352 4057 ⁶)
371 3987 459 4058 Dig.1
480 3987 521 4052 15,
531 3988 557 4044 3.
595 3987 728 4043 Strab.V
745 3989 771 4053 3,
782 3987 807 4043 V.
846 3987 923 4043 Suet.
941 3989 1014 4058 Aug.
1032 3987 1077 4045 25.
1095 3986 1139 4043 30.
1175 3986 1229 4042 Dio
1248 3987 1297 4043 LV
1315 3986 1395 4054 26,4.

333 4078 352 4147 ⁷)
371 4077 464 4133 Strab.
482 4076 557 4131 XVII
577 4075 654 4142 1,12.
682 4076 769 4135 ¹Phil.
796 4077 825 4131 in
843 4076 934 4132 Flacc.
950 4076 984 4131 14
1002 4093 1028 4148 p.
1041 4076 1096 4131 534
1113 4076 1156 4132 cd.
1175 4077 1270 4146 Meng.
1289 4075 1510 4147 Marquardt

225 4165 421 4239 scripse.
440 4144 1086 4237 eirs0o101u‚'sszungss.as.parumn.
1099 4165 1158 4220 nc.
1171 4164 1263 4220 reem
1277 4163 1508 4236 reu-spese

333 4257 352 4325 8)
372 4253 587 4310 Hirschfeld
604 4254 638 4309 K.
657 4253 736 4308 V.-B.
755 4270 782 4325 p.
795 4253 849 4309 254
876 4253 941 4309 adn.
960 4254 978 4308 4
1005 4254 1081 4309 urbiS
1098 4254 1208 4310 Romae
1235 4253 1334 4324 ngiles
1361 4269 1423 4308 cum
1453 4253 1510 4309 illis

225 4345 335 4401 urbium
354 4343 438 4398 huius
457 4344 560 4398 aetatis
580 4341 765 4415 comparauit.

333 4433 353 4503 ⁹)
373 4433 440 4488 coni
458 4433 522 4488 adn.
535 4433 561 4488 6.
581 4432 609 4487 O.
622 4433 643 4488 1.
656 4432 688 4487 L.
700 4432 738 4487 VI
749 4431 810 4488 222.

322 4523 353 4593 ¹⁰)
372 4522 492 4593 Appian.
512 4521 575 4577 bell.
596 4521 650 4579 ciu.
663 4520 688 4576 V
699 4521 758 4576 132.
