3208 4992
618 1179 777 1300 Caput
803 1181 845 1277 1.

120 1487 237 1579 Quae
264 1488 462 1570 incendia
490 1491 638 1570 aetate
665 1488 978 1588 imperatorum
1006 1488 1051 1567 in
1078 1488 1183 1568 urhe
1211 1489 1343 1570 Roma

617 1634 717 1712 orta
744 1630 842 1711 sint.

106 1831 107 1834 ¹
196 1805 271 1873 Non
295 1806 404 1872 solum
427 1806 532 1872 libera
555 1829 590 1872 re
614 1805 791 1895 publica,²)
814 1806 874 1872 sed
899 1807 1002 1873 ctiam
1024 1806 1260 1892 imperatorum
1285 1811 1373 1872 tem-

87 1914 262 2000 poribusi)
290 1913 370 1980 urbs
393 1913 500 1980 Roma
522 1914 801 2000 frequentissimis
831 1913 994 1980 incendiis
1025 1916 1164 1980 uastata
1192 1916 1252 1980 est
1298 1913 1373 1999 Ipso

85 2021 193 2107 primo
218 2041 307 2086 anno
331 2021 459 2107 imperii

640 2126 830 2213 Angustia

88 2251 387 2318 uehementissime
416 2251 569 2318 incendio
601 2253 705 2318 urbs
736 2273 931 2336 magnam
959 2257 1125 2339 partem
1151 2252 1262 2319 deleta
1284 2253 1374 2340 estf)

89 2357 153 2424 Dio
178 2357 314 2424 Cassius
339 2360 428 2424 enim
450 2362 598 2425 testatur
627 2360 662 2424 in
695 2361 807 2425 circo
838 2359 1026 2425 maximo
1055 2358 1137 2426 illud
1168 2362 1277 2426 ortum
1301 2380 1374 2426 esse

90 2468 126 2530 et
140 2463 315 2530 libertinos
330 2465 442 2548 ignem
459 2467 625 2531 excitasse
641 2466 733 2531 uisos
753 2486 839 2550 esse,
863 2487 938 2531 cum
954 2468 1034 2553 ipsis
1048 2467 1249 2552 imperatum
1273 2470 1373 2552 esset,

89 2574 130 2638 ut
165 2572 204 2653 ei,
241 2571 299 2658 qui
333 2570 480 2638 ducenta
510 2573 667 2638 sestertia
698 2577 759 2639 aut
794 2572 936 2658 amplius
967 2572 1186 2659 possiderent,
1218 2576 1374 2639 octauam

4 2665 5 2670 ἵ
89 2681 221 2765 partem
244 2680 279 2745 in
302 2679 473 2766 publicum
497 2678 694 2746 conferrent.
741 2679 918 2746 Enimuero
951 2681 1015 2746 etsi
1037 2680 1148 2745 uisum
1179 2682 1270 2746 esset
1292 2679 1375 2746 illud

89 2785 280 2852 incendium
316 2787 380 2853 hac
410 2787 450 2852 de
483 2808 585 2852 causa
621 2784 749 2852 insidiis
781 2785 1012 2852 libertinorum
1046 2788 1217 2869 euenisse,
1258 2790 1374 2853 tamen

90 2896 225 2979 propter
246 2891 495 2960 multitudinem
519 2914 642 2973 eorum,
677 2914 763 2981 quae
792 2893 1084 2978 conflagrauerint,
1115 2893 1203 2959 inter
1225 2895 1375 2980 prodigia

94 2999 196 3065 etiam
218 3001 368 3066 maxima
390 2999 595 3086 adscriptum
619 3021 701 3066 esse.
737 2999 802 3066 Sed
819 2999 905 3066 haec
919 3000 1055 3079 leuiora,
1079 2999 1138 3066 illa
1160 3021 1241 3067 uero
1258 3001 1374 3084 grauia

92 3109 194 3192 atque
218 3127 349 3191 magna.
394 3108 467 3191 igni
491 3128 567 3174 cum
590 3106 657 3173 alia
688 3105 893 3172 multatum
922 3128 1077 3190 magna
1099 3107 1244 3194 ipsius
1269 3108 1374 3172 cIrci

91 3233 189 3299 pars
222 3215 472 3301 templaque
504 3214 675 3281 Cereris
706 3216 749 3279 et
777 3213 912 3300 Spei⁶)
945 3215 1126 3300 absumpta
1157 3217 1246 3280 sunt.
1292 3213 1375 3279 Circi

93 3322 178 3386 enim
202 3341 335 3387 summa
350 3322 565 3405 contignatio,
590 3342 676 3407 quae
700 3325 773 3387 erat
788 3320 877 3405 ligno
894 3324 1095 3404 constructa,
1114 3320 1258 3386 flammis
1276 3320 1375 3407 periit

94 3429 128 3492 et
159 3427 260 3512 paulo
295 3432 372 3514 post
407 3429 450 3495 ab
481 3430 637 3512 Augusto
668 3429 793 3494 reiecta
828 3433 888 3494 est.
939 3427 1024 3493 Tum
1059 3449 1192 3515 quoque
1226 3427 1375 3494 restituIt

199 3676 217 3744 ¹)
237 3676 272 3731 de
290 3677 429 3732 incendus
447 3677 523 3731 illius
542 3677 647 3731 aetatis
667 3677 780 3732 uberius
793 3676 986 3732 disseruerunt
1004 3677 1154 3740 Jordan,
1174 3675 1375 3746 'Iopographie

95 3765 142 3820 der
169 3765 254 3820 Stadt
271 3765 345 3821 Rom
371 3767 411 3820 im
429 3766 579 3831 Asterium,
598 3767 638 3820 Il
658 3782 686 3836 p.
698 3765 752 3819 482
771 3767 835 3820 adn.
850 3765 875 3820 2.
914 3766 1090 3831 Gilhert,
1120 3765 1291 3820 Geschichte
1317 3763 1374 3818 und

95 3854 290 3926 I'opographie
308 3855 358 3910 der
376 3855 461 3910 Stadt
479 3855 551 3910 Rom
570 3855 608 3908 im
627 3855 776 3919 Altertum,
796 3854 834 3909 III
854 3872 880 3925 p.
893 3855 929 3909 33
948 3854 1052 3910 adul.

196 3945 216 4014 ¹)
234 3943 377 3999 GiIbert
395 3945 413 4000 I.
427 3961 449 3999 s.
462 3961 489 4014 p.
502 3943 617 3998 33-36,
637 3943 903 4018 Friedlaender‚
918 3943 1136 4013 Darstellungeu
1146 3959 1198 3997 aus
1209 3943 1258 3996 der
1268 3942 1373 3996 Sitten-

96 4033 259 4104 geschichte
276 4033 373 4100 Roma
392 4033 424 4088 1⁸
441 4033 532 4104 (1880)
551 4049 578 4103 p.
592 4033 625 4086 31
636 4049 677 4104 sq.

197 4122 216 4192 'I
236 4122 265 4176 in
283 4121 446 4176 uniuersum
459 4125 602 4184 testantur
620 4121 751 4176 incendia
763 4122 893 4190 Augusto
912 4121 1081 4191 imperatore
1100 4124 1164 4177 orta
1177 4122 1275 4176 Horat.
1289 4136 1374 4176 earm.

95 4210 166 4266 1116.
198 4211 302 4266 Strabo
314 4210 339 4263 V
351 4212 376 4276 3,
387 4212 412 4266 7.
444 4211 523 4267 Suet.
542 4211 614 4282 Aug.
633 4210 676 4265 30.

196 4299 217 4368 ⁴)
238 4299 332 4355 Strab.
345 4299 407 4354 VIII
419 4300 445 4365 6,
455 4300 498 4354 23.
529 4300 596 4356 Tac.
615 4316 680 4354 ann.
694 4298 775 4354 1149.
805 4299 859 4354 Dio
872 4300 894 4353 L
908 4299 951 4364 10,
960 4299 1040 4354 3-6.

197 4389 217 4460 ὅ)
236 4390 374 4459 templum
394 4388 459 4460 Spei
476 4389 506 4443 iu
524 4388 589 4444 foro
611 4387 745 4443 holitorio
765 4388 851 4443 situm
869 4387 939 4443 item
952 4387 1060 4458 templa
1072 4388 1215 4442 Fortunae
1234 4391 1264 4442 et
1276 4387 1375 4442 Matris

96 4479 218 4534 Matutae
230 4478 259 4533 iu
268 4478 332 4533 foro
341 4477 439 4533 boario
452 4478 508 4532 sita
520 4477 578 4532 iam
590 4493 666 4532 anno
677 4476 784 4532 CCXIII
793 4495 819 4532 a.
831 4477 860 4534 C.
869 4494 897 4534 n.
910 4477 1040 4532 incendio
1050 4476 1145 4532 deleta
1155 4477 1225 4546 (hin.
1235 4475 1324 4530 XXIV
1330 4475 1375 4544 47)

97 4583 167 4622 anno
185 4566 313 4637 proximo
332 4567 467 4622 restituta
486 4570 568 4621 erant
587 4566 656 4636 (Liu.
670 4565 790 4635 XXVII.
