3208 4992
520 249 859 336 1--23-

97 430 201 513 parte
227 428 332 495 situm
355 429 436 511 erat,
460 426 608 494 flammis
632 427 848 512 absumptum
864 447 939 494 esse
956 426 1134 494 memoriae
1150 425 1312 494 traditum
1327 430 1389 494 eat

96 532 146 600 Et
170 533 348 620 reliqua
378 529 556 620 templa,
589 555 793 621 quamquam
823 532 907 600 nihil
937 533 1018 601 corti
1041 534 1240 620 aeeepimus,
1274 537 1390 602 tamen

97 639 180 727 plus
204 640 359 708 minusue
382 640 535 708 incendio
559 641 800 729 comprehensa
823 661 897 708 esse
913 643 1004 728 puto.
1039 639 1231 707 Velabro
1252 643 1388 708 uastato

98 748 376 834 flammeusque
408 748 452 815 ad
481 747 738 814 PalatInum
767 749 918 814 montem
950 748 1072 815 diliusa
1102 751 1162 815 est
1207 747 1390 816 Maximam

98 859 221 922 autem
243 856 406 942 parteml)
430 875 530 941 opera
552 857 678 940 uetera,
710 875 798 943 quae
833 854 887 922 hio
911 857 1007 921 erant
1030 855 1151 942 posita,
1183 855 1252 939 igni
1282 855 1389 922 inter-

98 962 226 1028 ierunt
273 961 424 1049 Itemque
455 962 603 1029 domus
630 963 893 1047 Augustana
915 961 1062 1028 flammis
1095 982 1141 1027 an
1172 964 1323 1047 correpta
1345 961 1390 1027 sit

99 1067 199 1136 haud
222 1069 299 1135 seio.
345 1067 458 1155 Atque
488 1069 697 1156 templum
724 1067 949 1154 Apollinis
980 1067 1389 1154 bibliothecamque

98 1197 174 1242 non
197 1175 342 1242 multum
365 1179 426 1243 aut
448 1175 532 1242 nihil
566 1177 700 1243 omnino
731 1175 827 1242 laesa
857 1197 932 1242 esse
961 1179 1055 1262 puto,
1092 1196 1167 1242 oum
1202 1175 1246 1242 ad
1278 1175 1390 1261 ipsum

100 1303 234 1350 annum
246 1281 351 1348 LXIX
362 1303 392 1369 p.
406 1281 438 1348 Ο.
451 1304 483 1349 n.
499 1283 636 1350 Tacitus
642 1284 670 1369 a)
686 1281 902 1350 adnotauerIt
918 1284 1061 1369 „ootauo
1078 1280 1206 1349 decimo
1217 1280 1389 1348 Kalendas

98 1389 306 1458 Februarias
337 1389 577 1458 sacrificauisse
608 1411 667 1476 pro
702 1389 785 1456 aede
816 1387 980 1476 Apollinis
1011 1387 1186 1456 Galbam“.
1239 1388 1389 1476 Itemque

100 1495 255 1564 domus
280 1496 519 1566 Tiberiana
540 1497 611 1580 igni
625 1497 758 1580 integra
772 1496 878 1583 suita
902 1495 992 1563 unde
1006 1494 1162 1563 Vitellius
1179 1516 1267 1562 anno
1284 1495 1390 1592 LXIX

98 1625 133 1689 p.
152 1603 185 1670 O.
201 1624 233 1671 n.
257 1605 345 1670 teste
369 1603 530 1672 Suetonio
538 1604 564 1693 4)
596 1608 653 1688 „et
682 1603 844 1690 proelium
875 1607 911 1670 et
940 1602 1131 1670 incendium
1161 1603 1249 1669 inter
1272 1601 1389 1689 opulas

99 1710 306 1797 prospexit.“
334 1712 445 1797 Atque
462 1711 565 1782 etiam
589 1711 707 1778 aedes
731 1710 814 1776 diui
836 1711 1009 1795 Augusti
1032 1713 1067 1776 et
1082 1709 1286 1777 bibliotheca
1299 1709 1389 1775 illius

99 1816 221 1904 templi
241 1816 387 1884 flammis
404 1837 479 1884 esse
493 1817 643 1886 intactae
657 1817 825 1902 uidentur,
850 1818 940 1905 quod
956 1817 1042 1884 actis
1056 1816 1199 1884 iratrum
1214 1814 1389 1883 Arualium

101 1923 153 2000 ad¹
172 1945 202 1990 a.
226 1922 255 1991 d.
271 1925 315 1991 III
330 1923 415 1992 Non.
436 1924 507 1992 Ian.
523 1925 605 1992 anni
619 1924 724 1990 LXIX
739 1947 769 2012 p.
787 1925 819 1992 O.
835 1945 867 1991 n.
884 1946 926 1991 ea
940 1924 1090 1992 refertur.
1098 1924 1125 2011 ὅ)
1163 1925 1217 1990 At
1240 1923 1388 1990 domus

100 2031 378 2098 transitoria
408 2052 495 2119 quae
527 2035 600 2098 erat
623 2032 690 2098 sita
712 2033 747 2099 in
771 2053 813 2099 ea
834 2034 931 2120 parte
952 2031 1100 2098 Palatini
1130 2030 1265 2112 montio,
1301 2049 1388 2116 quae

102 2137 147 2204 ad
173 2138 336 2205 orientem
359 2140 503 2226 spectat,
531 2138 679 2206 flammis
714 2140 896 2224 absumpta
931 2142 998 2224 est,
1034 2139 1129 2206 cuius
1163 2137 1235 2204 loeo
1269 2138 1390 2224 postea

102 2244 224 2311 domus
240 2265 345 2313 aurea
368 2248 421 2313 est
443 2245 629 2314 aedifioata.
667 2245 784 2334 Neque
807 2247 926 2313 Iouis
950 2245 1149 2313 Statoris
1179 2244 1388 2330 templum

100 2351 258 2418 incendio
273 2350 340 2418 fuit
354 2353 529 2437 integrum.
564 2351 608 2421 ht
631 2352 768 2420 domus
791 2354 976 2441 priuatae
1000 2355 1082 2440 quot
1100 2351 1165 2418 Illis
1181 2350 1387 2438 temporibus

103 2461 201 2526 erant
223 2457 259 2524 in
281 2458 436 2527 Palatino
459 2463 584 2543 monte,
617 2463 657 2529 ut
680 2460 832 2545 Scauri,
858 2459 1037 2548 Crassi‚⁰)
1062 2458 1195 2526 Catuli
1218 2457 1386 2540 deflagra-

104 2568 238 2633 uerunt.
291 2566 404 2653 Atque
437 2567 539 2634 etiam
569 2566 695 2634 iorum
727 2567 944 2634 Romanum
974 2566 1118 2634 flammis
1149 2586 1265 2632 rursus
1296 2584 1386 2632 oom-

101 2672 307 2760 prehensum
330 2675 391 2742 est.
438 2675 612 2756 Quatenus
645 2674 768 2741 atn‘um
791 2674 918 2741 Vestae
948 2675 1017 2758 igni
1048 2672 1311 2757 conflagrauerit‚
1344 2691 1387 2737 ex

102 2779 296 2846 auctoribus
327 2800 396 2848 non
426 2784 574 2867 apparet.
625 2781 672 2847 At
703 2783 791 2848 oerte
822 2802 957 2869 prorsus
987 2780 1177 2866 templum
1208 2777 1386 2846 eiusdem

101 2887 246 2953 flammis
277 2886 495 2974 absumptum
526 2891 589 2970 est,
620 2887 709 2975 quod
731 2889 953 2955 restituerunt
968 2887 1198 2975 Vespasianus
1223 2889 1258 2953 et
1273 2886 1386 2952 Domi-

101 2992 250 3082 tianus⁷)
273 2995 377 3080 atque
399 2992 434 3060 id
457 2997 538 3061 ante
554 3016 682 3062 annum
697 2993 784 3062 XGII
799 3018 829 3083 p.
847 2994 879 3062 Ο.
895 2995 960 3084 n.⁸)
1001 2995 1086 3062 Item
1108 2993 1267 3082 Regia⁹)
1283 2994 1386 3078 atque

210 3206 230 3277 ¹)
250 3207 331 3274 Quod
358 3207 469 3280 scripsit
497 3207 551 3264 Dio
569 3208 644 3264 LXII
664 3208 734 3276 18,2
757 3207 789 3262 τὸ
807 3206 947 3262 Παλάτιον
973 3207 1005 3261 τὸ
1034 3210 1095 3278 ὅρος
1122 3206 1228 3276 σύμπαν
1254 3203 1385 3260 incendio

103 3296 227 3350 deletum
246 3312 317 3361 esse,
337 3296 404 3368 quin
422 3296 451 3351 id
468 3297 498 3352 ln
516 3297 607 3352 maius
625 3298 735 3353 auxerit
756 3298 833 3352 haud
852 3297 959 3354 dubIto.
1002 3297 1135 3352 Fortasse
1154 3295 1230 3351 enim
1243 3294 1296 3350 Dio
1315 3292 1386 3348 nihil

102 3383 179 3439 eliud
208 3383 279 3439 dixit
305 3385 359 3440 nisi
386 3387 479 3440 totum
508 3385 632 3457 spatium
659 3385 734 3442 inter
751 3386 915 3442 Palatinum
942 3388 1067 3442 montem
1096 3387 1126 3440 et
1143 3384 1386 3456 amphitheatrum

102 3473 188 3530 'lauri
207 3473 261 3544 (ml
277 3473 310 3526 τὰ
327 3474 448 3546 θέατρον
464 3480 517 3528 τοῦ,
533 3474 643 3548 Ταύρου)
662 3476 750 3532 situm
768 3475 891 3532 flammis
909 3477 1092 3546 absumptum
1111 3490 1182 3530 esee.

209 3563 229 3632 ¹)
248 3562 315 3620 Tae.
335 3563 402 3619 bist.
414 3563 481 3620 127.

209 3652 229 3722 ⁸)
248 3651 392 3708 Preller
410 3652 428 3708 l.
442 3671 464 3708 s.
477 3670 504 3726 p.
519 3653 571 3708 185
589 3654 664 3710 hano
684 3654 798 3710 domum
816 3654 940 3711 deletam
959 3671 1021 3712 esse
1038 3653 1141 3709 iniuria
1159 3651 1236 3708 dicit.

211 3740 233 3810 ⁴t
252 3739 331 3798 Suet.
343 3741 399 3798 vit.
415 3743 457 3798 15.

209 3829 229 3898 ⁶)
248 3829 373 3899 llenaen,
392 3833 459 3887 aeta
476 3830 556 3888 fratr.
569 3832 664 3888 Arual.
682 3848 710 3904 p.
722 3834 769 3890 XC
784 3832 827 3888 14.
846 3832 914 3888 oonl
932 3832 1019 3890 etiam
1037 3832 1109 3888 Plin.
1128 3847 1155 3887 n
1168 3830 1197 3888 h.
1212 3829 1329 3886 XXXIV
1339 3829 1383 3887 43.

209 3918 229 3988 ⁶)
247 3918 319 3974 Plin.
338 3937 365 3975 n.
378 3920 407 3976 h.
419 3920 527 3976 XVIIb
545 3923 670 3978 testatur
687 3921 762 3977 lotos
781 3922 883 3993 quibus
908 3922 1008 3978 domus
1027 3921 1086 3976 eius
1107 3920 1280 3976 ohoumdata
1299 3921 1382 3986 esset,

28 4079 34 4091 Ι
102 4009 164 4062 tum
182 4007 307 4062 flammis
326 4009 439 4080 perisse.

210 4097 229 4167 ⁷)
249 4097 420 4154 Οο1ιθιιΙΒ
442 4115 469 4170 p.
481 4098 535 4154 413
559 4115 606 4158 nu.
619 4099 770 4158 577-579.
807 4117 834 4172 p.
851 4101 905 4157 457
923 4116 970 4156 nu.
983 4099 1135 4156 347-351.
1171 4098 1286 4155 Notiaie
1310 4097 1385 4168 degli

101 4185 179 4242 soavi
193 4184 264 4242 1900
281 4201 308 4257 p.
322 4186 375 4242 1118
392 4186 461 4258 ilgg.
476 4187 510 4243 12
528 4191 558 4244 ot
577 4189 619 4246 1a

210 4276 229 4345 'l
248 4275 331 4334 Mart.
343 4276 396 4332 VII
413 4276 457 4343 73,
467 4276 493 4332 3.

208 4364 303 4434 ⁹liam
328 4368 416 4421 antea
438 4366 532 4436 Regia
553 4366 685 4422 incendio
710 4367 805 4423 deleta
830 4370 893 4423 erat
916 4369 995 4424 uelut
1018 4385 1094 4426 anno
1119 4368 1254 4425 CXLVIII
1273 4383 1299 4424 a.
1313 4367 1341 4423 C.
1355 4383 1383 4422 n.

102 4452 159 4522 (Iul.
180 4453 249 4509 Obs.
265 4454 306 4509 19.
342 4454 403 4511 Ltu.
422 4471 465 4527 ep.
483 4455 642 4526 nuperrIme
660 4456 738 4511 edita
756 4473 774 4511 a
792 4456 1022 4513 Kornemann
1040 4458 1069 4514 in
1086 4458 1219 4528 Beitrage
1238 4473 1288 4511 nur
1305 4455 1383 4512 alten

102 4541 272 4598 GesohIohte
281 4542 307 4600 2.
317 4543 433 4600 Beihelt
443 4543 513 4599 1904
525 4561 552 4615 p.
562 4543 598 4602 25
610 4544 777 4617 colvlaa),
791 4562 865 4602 anno
875 4545 989 4602 XXXVI
998 4564 1023 4604 a.
1031 4547 1060 4603 0.
1068 4563 1094 4604 n.
1108 4547 1169 4617 (DIo
1178 4544 1339 4612 XLVIII42,
1347 4545 1382 4614 5).
