3208 4992
73 4690 138 4704 A

767 274 990 342 ...82-

239 451 484 541 OpsOpiiera
514 451 686 519 colebatur
708 454 892 540 propterea,
914 455 953 519 nt
967 452 1086 518 horrea
1100 451 1278 519 frumentis
1295 451 1461 539 completa
1476 453 1526 519 ab

239 561 307 644 igni
323 559 549 642 defenderet1)
588 559 704 645 Neque
724 580 803 626 uero
822 558 956 641 Quirino
973 558 1213 626 Volcanalibus
1237 580 1369 626 sacrum
1391 558 1527 626 factum

239 687 313 734 osse
337 666 473 734 aliunde
495 668 661 733 testatum
683 665 858 733 habemus,
893 667 943 732 Ac
965 687 1008 732 ne
1023 664 1105 732 illud
1121 664 1256 753 quidem
1271 670 1325 733 cst
1340 665 1526 751 neglegen-

239 773 320 839 dum
334 772 572 858 Domitianum,
589 774 748 860 utsupra
763 773 840 858 dixi,
858 773 902 840 ad
918 793 1025 839 aram
1039 771 1168 840 iactam
1183 776 1316 860 propter
1327 773 1528 840 memoriam

239 879 415 946 incendii
430 879 647 947 Neroniani
665 878 923 963 „Volcenalibus
938 878 1013 946 Xk.
1027 878 1239 966 Septembres
1256 879 1411 948 omnibus
1424 879 1528 946 annis

239 986 346 1054 uitulo
369 986 471 1053 robeo
495 989 531 1052 et
553 987 669 1054 uerre“
694 986 874 1053 sacrificari
896 987 1067 1069 iussisset

347 1093 512 1174 Quoniam
543 1093 612 1159 dixi
635 1091 675 1159 de
699 1092 949 1178 Volcanalibus,
981 1114 1072 1160 nunc
1094 1113 1204 1180 pauca
1228 1091 1336 1160 dicam

454 1197 488 1260 de
506 1196 695 1269 rellulonlhue
714 1209 786 1268 uuae
805 1196 841 1259 ad
859 1196 992 1260 lucenda
1011 1196 1134 1260 urende
1154 1196 1307 1268 ornnem

239 1289 396 1357 Incendia
427 1289 516 1356 enim
548 1288 620 1355 siue
643 1288 783 1356 fulmine
807 1289 956 1356 excitata
979 1288 1051 1356 siue
1076 1288 1224 1355 obscuris
1248 1309 1291 1354 ex
1314 1289 1426 1355 causis
1449 1292 1529 1355 orta

239 1395 462 1483 prodigiorum
483 1395 519 1461 in
542 1415 681 1461 numero
705 1394 926 1463 habebantur.
964 1395 1064 1462 Hisce
1080 1394 1221 1482 piaculis
1237 1397 1353 1462 autem
1368 1393 1529 1463 incendia

239 1504 476 1591 procurabant:
510 1502 616 1569 ludis
647 1502 744 1569 uelut
772 1523 862 1569 anno
886 1501 946 1568 VH
970 1525 998 1570 a
1023 1502 1055 1569 G.
1078 1503 1147 1586 n.,⁸)
1178 1501 1401 1589 peruigiliie
1428 1501 1529 1569 uelut

241 1627 330 1676 anno
354 1605 458 1675 LXIV
484 1630 514 1696 p.
539 1607 572 1675 G.
595 1611 668 1694 n.,⁴)
704 1608 966 1676 sellisterniis
1001 1607 1065 1675 uel
1098 1608 1393 1692 lectisterniis⁴l
1428 1608 1530 1676 uelut

241 1716 358 1784 eodem
389 1733 489 1798 anno,
522 1715 916 1803 supplicationihue⁴l
948 1716 1045 1783 uelut
1074 1736 1165 1782 anno
1187 1714 1294 1782 LXIV
1316 1737 1347 1804 p.
1370 1715 1403 1783 0.
1425 1737 1457 1783 n.
1483 1737 1530 1783 ex

241 1823 389 1911 Sibyllae
411 1821 513 1906 libris,
537 1823 750 1891 simulacro
783 1821 879 1890 deae
901 1825 1142 1910 perspers04)
1167 1821 1262 1889 uelut
1284 1820 1402 1890 eodem
1424 1843 1528 1889 anno.

239 1929 433 1997 Incendium
479 1949 611 2016 quoque
635 1950 725 1996 anno
748 1928 826 1996 XVI
849 1950 878 1997 a.
901 1929 934 1997 O.
958 1951 989 1996 n.
1014 1932 1124 1996 ortum
1148 1931 1200 1995 est
1223 1929 1404 2016 expiatum.

348 2036 395 2103 Vt
424 2035 578 2103 incendia
609 2037 652 2102 ab
684 2035 842 2104 aedificiis
872 2037 1134 2123 prohiberentur,
1165 2036 1312 2122 parietes
1334 2037 1529 2123 ianuaequo

241 2145 356 2231 poetes
375 2141 605 2209 incendiorum
621 2142 975 2230 deprecationibus
990 2142 1320 2227 conscribebantm,⁶)
1344 2142 1528 2230 exquibus

242 2270 346 2316 unam
369 2247 521 2333 nostae
545 2251 725 2316 memoriae
748 2249 901 2338 prodidit,
925 2248 1015 2337 apud
1038 2270 1138 2337 quem
1160 2249 1224 2316 hoc
1247 2250 1407 2338 scriptum
1430 2249 1528 2316 uide-

242 2377 330 2423 mus:
357 2377 469 2442 „arse
492 2377 607 2423 uerso
631 2359 747 2424 auerte
763 2358 875 2441 ignem
890 2356 1067 2441 significat.
1104 2356 1289 2423 Tuscorum
1304 2357 1393 2424 enim
1407 2356 1530 2441 lingua

242 2484 317 2530 arse
348 2467 473 2549 auerte,
505 2485 603 2530 uerso
631 2464 744 2546 ignem
775 2465 910 2531 constat
940 2463 1108 2550 appellari.
1154 2463 1251 2530 Vnde
1274 2464 1433 2530 Afranius
1464 2464 1529 2532 ait:

242 2569 408 2638 Inscribat
439 2570 559 2658 aliquis
583 2571 619 2636 iu
643 2572 729 2638 ostio
752 2573 953 2638 arseuerse.“
1001 2569 1076 2637 Huc
1099 2572 1232 2657 spectat
1252 2569 1398 2637 fortasse
1422 2571 1529 2638 etiam

241 2676 336 2744 illud:
370 2698 483 2760 ,arses
513 2699 633 2744 uurses
665 2676 811 2744 sethlanl
839 2678 972 2764 tephral
1002 2698 1065 2765 ape
1096 2679 1231 2744 termnu
1264 2678 1370 2764 pisest
1401 2681 1528 2762 estu“⁷)

243 2782 333 2872 quod
348 2785 397 2850 ita
413 2783 610 2871 explicatur:
634 2787 771 2851 auertas
786 2783 908 2870 ignem,
924 2783 1086 2869 Vulcano,
1107 2784 1319 2851 uictimarum
1334 2806 1435 2852 carne
1448 2788 1530 2872 post

243 2891 424 2957 terminum
453 2889 568 2977 piatus
599 2892 682 2975 esto,
714 2890 782 2957 uel:
813 2892 924 2975 ignem
954 2894 1100 2975 auertas,
1125 2889 1285 2975 Vulcano,
1316 2891 1353 2957 in
1383 2892 1530 2959 cinerem

243 2997 398 3082 redigens
411 2997 488 3085 (qui)
501 2996 591 3084 apud
606 2998 786 3064 termInum
801 2998 914 3085 piatus
931 3000 1013 3082 esto,
1028 2997 1084 3064 uel
1101 2996 1284 3064 secundum
1299 2997 1529 3084 Huschke,⁸)

245 3104 302 3191 qui
324 3104 413 3171 hano
436 3102 703 3191 deprecationem
726 3103 919 3172 Vmbricam
942 3125 1017 3172 esse
1039 3107 1139 3191 putat
1162 3106 1223 3172 ita:
1247 3104 1389 3180 ardebis,
1414 3108 1529 3174 uertes

245 3210 399 3278 Vulcano
423 3210 634 3295 sacrificium,
658 3211 717 3278 ubi
738 3212 880 3278 termino
903 3215 1027 3299 parcet,
1052 3213 1154 3279 esto.“

353 3497 372 3567 ¹)
391 3495 574 3551 Wissowa
591 3497 609 3552 1.
629 3512 651 3552 s.
670 3513 698 3570 p.
712 3496 772 3553 168.

364 3583 373 3654 l
391 3584 534 3640 Vulcanus
557 3600 615 3640 non
639 3584 731 3640 solum
748 3583 866 3651 Romae,
891 3586 942 3641 sod
966 3586 1052 3643 etiam
1070 3588 1152 3642 extra
1169 3586 1266 3642 urbem
1285 3586 1432 3642 colebatur
1449 3587 1530 3642 uelut

245 3673 342 3730 Ostiae
359 3676 390 3730 et
407 3672 549 3740 Perusiae,
570 3689 627 3745 qua
645 3672 675 3728 in
692 3675 760 3730 urbe
778 3690 855 3731 anno
866 3674 973 3731 Xhlua
986 3675 1016 3731 G.
1029 3692 1056 3731 n.
1074 3674 1135 3731 lere
1152 3676 1218 3731 tota
1235 3675 1359 3731 flammis
1377 3677 1529 3748 absumpta

245 3761 315 3818 iano
340 3764 454 3818 tantum
472 3761 592 3818 Vulcani
617 3764 737 3834 excepto
756 3762 872 3819 lunonis
897 3763 960 3820 loco
979 3765 1116 3820 adoratus
1135 3766 1186 3829 est,
1212 3764 1260 3836 qui
1277 3765 1375 3820 urbem
1393 3767 1527 3820 tueretur.

246 3851 300 3905 Dio
324 3850 437 3906 XLVIII
456 3850 498 3918 14,
514 3850 539 3917 ὅ,
577 3851 697 3923 Appian.
715 3851 742 3907 b.
762 3869 786 3908 c.
812 3851 893 3909 V4e.
931 3853 1074 3909 Preller
1092 3853 1110 3909 l.
1129 3871 1151 3909 s.
1170 3870 1197 3924 p.
1212 3853 1272 3909 153.
1309 3853 1451 3910 Wissowa
1468 3855 1487 3910 l.
1506 3870 1527 3908 s

356 4028 376 4099 ⁸)
394 4028 448 4084 Dio
467 4028 515 4083 LV
526 4029 552 4095 8,
559 4029 585 4084 6.

355 4116 377 4187 ⁴)
396 4118 463 4174 Tac.
482 4133 548 4173 ann.
566 4117 618 4173 XV
629 4117 673 4172 44.

355 4206 375 4276 ⁵)
394 4206 465 4262 Plin.
484 4223 511 4263 n.
530 4206 559 4264 h.
577 4206 693 4263 XXVIII
705 4205 748 4262 20.

354 4295 376 4367 ‘l'
393 4295 495 4351 Festus
514 4311 541 4367 p.
557 4295 599 4350 18.

355 4385 375 4454 ἲ1
394 4384 509 4441 Orelli
529 4384 607 4440 1384.

355 4475 374 4546 ⁸)
393 4473 562 4530 Huschke
586 4474 641 4531 Rh.
660 4475 696 4531 ll.
715 4475 753 4531 Xl
774 4475 843 4531 1857
861 4493 889 4548 p.
909 4475 972 4531 364.
1010 4476 1078 4534 coni
1100 4477 1189 4534 etiam
1212 4478 1378 4545 consen,
1404 4478 1528 4551 Sprsohe

252 4563 301 4619 der
318 4563 454 4620 lltruslrer
471 4562 548 4618 1527
567 4561 586 4635 ξ
607 4563 666 4620 195.
