3208 4992
612 249 835 315 „71-

187 427 276 494 Sunt
299 430 416 494 autem
439 427 497 514 qui
519 428 643 514 putent
666 447 708 493 ex
730 425 866 513 leiani
888 425 1051 509 uerbiszll
1076 425 1365 509 „linstrumentum

79 538 199 602 domus
224 539 309 619 esse)
333 535 416 602 item
436 537 596 601 centones
613 532 761 601 silones“
782 531 890 616 colligi
904 552 1004 620 posse
1019 532 1087 598 iam
1102 531 1238 619 leiani
1253 534 1367 600 aetate

78 644 231 730 priuatos
256 641 413 729 siphones
428 640 543 709 fuisse.
578 641 625 707 At
641 640 810 728 siphones,
825 660 967 727 quorum
982 637 1147 725 leianus
1162 638 1368 707 mentionem

77 751 169 833 facit,
196 747 415 836 siphunoulos
439 769 513 814 esse
535 750 627 834 puto.

187 873 311 940 Restat
333 875 374 939 ut
397 873 486 940 alia
509 870 712 939 subsidia
743 870 794 938 ad
816 870 1026 938 incendia
1047 871 1367 954 restinguenda

76 981 242 1047 idonea
273 999 537 1064 commemorem,
568 979 604 1045 in
635 978 756 1066 quibus
780 981 862 1062 erat,
885 981 925 1044 ut
948 999 1050 1064 snpra
1073 977 1150 1058 dixi,
1176 981 1367 1063 „acetum

79 1108 226 1175 quoque,
252 1085 342 1175 quod
365 1084 602 1170 exstinguendi
623 1085 766 1152 incendii
789 1106 894 1151 causa
916 1087 1081 1172 paratur.“
1121 1085 1367 1169 Argumentum

78 1197 198 1262 autem
214 1197 276 1277 est,
294 1193 383 1282 quod
399 1192 489 1280 apud
505 1192 746 1280 Macrobium¹)
762 1192 922 1279 scriptum
937 1191 1106 1258 uidemus:
1132 1191 1263 1277 „solum
1279 1191 1367 1258 enim

77 1303 144 1370 hoc
180 1301 249 1368 scil
284 1303 418 1367 acetum
457 1320 498 1366 ex
538 1298 692 1366 omnibus
725 1299 920 1365 humoribus
956 1301 1160 1366 crescentem
1193 1297 1368 1364 flammam

80 1407 255 1476 uiolenter
278 1406 475 1490 extinguit“.
521 1407 633 1492 Atque
664 1404 939 1473 uerisimilhmum
972 1407 1026 1472 est
1063 1403 1181 1490 uigiles
1216 1425 1292 1472 cum
1326 1404 1370 1471 ad

77 1513 273 1582 incendium
296 1511 575 1599 compescendum
598 1512 905 1600 proficiscebantur,
929 1512 1054 1579 culleos
1070 1515 1166 1579 aceto
1183 1510 1365 1598 completos

78 1622 238 1706 gessisse,
271 1641 337 1707 quo
369 1622 530 1686 centones
560 1617 839 1687 madeiaciebent
885 1619 1043 1686 Fortasse
1067 1619 1170 1686 etiam
1193 1618 1367 1685 alumen

76 1731 113 1794 in
138 1729 192 1795 his
216 1726 374 1794 subsidiis
398 1725 588 1793 ducendum
608 1729 669 1793 est
702 1727 855 1814 Namque
872 1725 908 1807 Q.
924 1725 1099 1794 Claudium
1114 1725 1368 1809 Quadrigarium

77 1837 114 1902 in
147 1835 323 1902 annalium
356 1833 440 1900 libro
471 1832 719 1901 undeuicesimo
750 1833 887 1900 uberius
919 1831 1071 1900 docuisse
1109 1854 1198 1921 „qua
1235 1831 1368 1899 medela

79 1964 217 2030 quaque
241 1939 391 2009 sollertia
412 1940 499 2024 ignis
523 1939 767 2025 defenderetur,
796 1943 837 2007 ut
859 1961 903 2007 ne
925 1939 995 2008 ulla
1018 1939 1209 2007 aedificatio
1233 1961 1251 2006 e
1274 1939 1364 2022 ligno

79 2051 235 2136 correpta
269 2051 372 2134 atque
407 2046 582 2114 insinuata
615 2046 762 2114 flammis
797 2046 948 2114 arderet“
988 2050 1105 2115 auctor
1129 2049 1181 2114 est
1204 2044 1366 2134 Gellius.³)

78 2159 195 2244 Atque
214 2155 318 2222 etiam
333 2153 427 2220 sale
451 2152 697 2240 sabuloque
712 2152 852 2220 flamma
863 2154 967 2220 arceri
979 2153 1035 2221 uel
1045 2153 1209 2238 restingui
1219 2153 1367 2240 potest⁴l

189 2259 288 2328 Nunc
311 2259 461 2326 dicamus

405 2365 440 2427 re
457 2363 633 2428 sudomirus
652 2364 898 2435 exsulantum
916 2365 1043 2437 urhun.

190 2457 327 2544 Septem
351 2456 504 2524 cohortes
528 2455 676 2540 uigilum,
700 2460 740 2523 ut
763 2477 864 2542 supra
887 2455 965 2542 dixi,
983 2459 1082 2523 erant
1096 2457 1147 2523 ita
1162 2457 1368 2524 constitutae

79 2569 120 2632 ut
144 2564 245 2632 binas
267 2563 420 2647 regiones
443 2563 535 2630 urbis
558 2584 782 2651 unaquaeque
806 2565 923 2631 cohors
945 2566 1098 2630 tueretur
1120 2567 1155 2630 et
1170 2563 1366 2651 opportunis

78 2671 163 2740 locis
187 2671 433 2738 stationem
455 2669 604 2739 haberet.
639 2669 834 2757 Separanda
857 2673 972 2738 autem
995 2673 1076 2737 sunt
1098 2669 1222 2737 abillis
1238 2677 1368 2758 septem

80 2778 288 2846 stationibus
300 2777 569 2865 quattuordecim
581 2777 875 2864 excubitoria,
889 2799 977 2865 quae
989 2780 1228 2845 enumerantur
1235 2776 1366 2845 Notitia

80 2885 288 2971 Ouriosoque
319 2884 412 2951 urbis
434 2883 512 2951 XIV
541 2885 764 2972 reglonum:⁶)
799 2883 958 2969 „uigilum
981 2883 1042 2950 VH
1065 2905 1206 2972 quorum
1229 2885 1367 2952 excubi-

80 2993 171 3060 toria
200 2989 348 3075 XIHI“.⁶l
401 2991 519 3079 Neque
548 2994 665 3059 tamen
695 2992 829 3059 omnino
861 2990 1044 3058 absurdum
1074 2995 1136 3075 est,
1169 3013 1245 3058 cum
1267 2993 1367 3058 binae

80 3099 236 3184 regiones
260 3097 400 3182 singulis
425 3098 616 3167 cohortibus
639 3100 832 3184 assignatae
857 3102 980 3183 essent,
1002 3099 1038 3164 in
1061 3098 1168 3166 altera
1184 3098 1366 3166 stationem

81 3203 301 3292 principalem
323 3205 428 3272 totius
452 3205 608 3290 cohortiS,
631 3205 667 3272 in
690 3207 798 3273 altera
819 3206 882 3273 nisi
908 3205 1152 3273 excubitorium
1167 3226 1237 3272 non
1251 3205 1368 3289 fuisse,

81 3311 173 3380 unde
213 3313 338 3396 egressi
377 3311 586 3380 excubitores
624 3312 721 3380 facile
758 3311 817 3378 ubi
852 3333 936 3400 opus
973 3311 1083 3396 tuerit,
1124 3312 1367 3380 commihtones

84 3439 226 3486 euocare
259 3419 438 3505 potuerint.
484 3419 559 3485 Huc
588 3419 732 3486 fortasse
763 3420 897 3505 spectat
927 3420 1028 3486 etiam
1055 3417 1138 3485 illud
1160 3419 1312 3508 Dionis⁷)
1336 3421 1369 3484 οῖ

84 3529 146 3612 γὰρ
177 3527 233 3598 τὰς
264 3528 435 3598 συνοικίαςι
453 3527 581 3610 νύκτωρ
603 3527 817 3610 φυλάσσοντες
840 3528 1252 3611 κωδωνοφορσῦσιν,
1277 3527 1370 3598 ὅπως

85 3635 250 3717 σημαίνειν
277 3635 383 3716 σφίσιν
414 3635 534 3698 ὁπόταν
567 3634 710 3717 δεηθῶσι
740 3634 905 3700 δύνωνται.
941 3632 1054 3714 Quid?
1097 3631 1192 3714 Quod
1222 3633 1367 3700 Ioannes

195 3845 215 3915 ¹)
233 3844 296 3915 Dig.
315 3845 429 3900 XXXIII
447 3846 474 3913 7,
495 3844 537 3911 12,
557 3844 599 3901 18.

193 3933 215 4004 ¹)
233 3934 357 3991 Macrob.
376 3937 432 3991 sat.
450 3933 502 3989 Vll
519 3933 545 4000 6,
558 3933 613 3989 la·
635 3934 710 3990 Plut.
730 3937 840 4006 quaest.
859 3935 970 3991 conuiu.
990 3935 1028 3990 III
1047 3936 1073 4000 ὅ,
1086 3934 1128 3992 12.

193 4024 213 4094 ⁸)
232 4023 302 4079 (tell.
320 4027 397 4080 noct.
417 4024 497 4079 attic.
515 4023 568 4080 XV
587 4024 611 4090 1,
624 4024 650 4078 4.

193 4111 214 4182 ⁴)
233 4112 304 4168 Cato
324 4112 359 4169 de
377 4129 436 4184 agr.
455 4111 499 4180 54,
508 4111 534 4169 2.

193 4202 213 4272 ⁶)
231 4201 365 4258 Jordan
383 4202 401 4258 l.
421 4219 443 4258 s.
463 4203 488 4257 11
506 4219 534 4273 p.
553 4202 614 4258 573.

193 4290 215 4362 ⁶)
233 4291 334 4346 Mirum
353 4293 405 4359 est,
425 4290 501 4363 quod
519 4291 547 4347 in
565 4291 676 4348 Notitia
693 4291 866 4362 Curicsoque
887 4290 963 4348 urhis
980 4306 1037 4362 reg.
1055 4292 1121 4347 XIV
1139 4293 1234 4348 castra
1251 4291 1368 4362 uigilum

89 4379 266 4452 appellantur
292 4395 351 4436 non
378 4382 471 4436 castra
499 4381 545 4436 uel
571 4382 719 4446 stationes,
747 4383 780 4436 ut
797 4379 858 4436 iere
875 4380 920 4448 iit
939 4381 990 4436 sed
1009 4381 1174 4448 „cohortem
1192 4381 1205 4436 l
1223 4381 1367 4452 ulgilum“,

89 4469 250 4533 ‚cohortem
268 4470 294 4524 11
311 4470 446 4541 uigilum‘
466 4486 490 4526 e.
509 4486 535 4528 a.
554 4472 641 4542 atque
658 4470 688 4526 in
705 4469 849 4526 breuiariis
867 4469 978 4526 illomm
997 4471 1180 4528 exoubItoria.

194 4558 213 4628 η
233 4557 286 4613 Dio
304 4558 367 4614 LIV
383 4559 445 4628 dd.
