3208 4992
760 241 983 307 -.14-

230 418 264 484 id
288 419 377 504 quod
400 418 591 484 coniectura
622 418 696 504 capi
723 422 837 505 potest
860 440 902 486 ex
925 418 1040 484 Dionis
1063 419 1175 485 uerbis
1184 419 1209 505 ²)
1231 421 1332 485 πολλὰ
1355 427 1420 485 τῶν
1443 422 1539 504 περὶ

229 527 286 610 τὴν
309 527 431 610 ἀγορὰν
453 527 725 609 οἰκοδομημάτων
746 528 933 612 κεκαῦσθαι,
962 546 1048 612 quae
1072 525 1177 592 uerba
1200 525 1243 592 ad
1266 524 1300 591 id
1322 525 1537 602 incendium.

232 635 383 718 spectare
404 635 494 718 puto.
529 629 616 697 (lasa
632 636 748 698 autem
764 631 898 698 Romuli
913 653 953 698 eo
969 631 1100 700 facilius
1115 632 1262 699 flammis
1279 632 1535 719 comprehendi
1600 687 1601 702 .

231 739 382 825 potuit,²)
406 736 495 826 quod
518 743 591 803 erat
613 739 773 804 nimentis
795 737 960 825 lignisque
984 742 1185 822 constructa,
1208 740 1257 805 ita
1272 742 1312 805 ut
1327 739 1426 805 ruina
1442 739 1534 812 eius
1600 799 1601 802 ,

231 845 294 912 hoe
324 849 472 931 tempore
503 843 608 910 uideri
639 865 708 912 non
732 846 800 911 iam
822 845 966 932 possit⁸)
1014 845 1105 926 Quae
1128 844 1253 911 fuerint
1276 843 1432 912 aedilicia
1454 846 1533 912 fori

229 951 383 1036 Romani,
414 972 501 1039 quae
535 954 609 1016 tum
644 949 755 1018 deleta
785 954 874 1034 sunt,
912 952 1109 1034 inuestigari
1131 973 1198 1018 non
1221 955 1343 1037 potest.
1390 951 1530 1018 Iterum

231 1060 331 1142 igitur
352 1058 442 1142 regio
466 1056 541 1123 VIII
563 1057 632 1140 igni
655 1079 697 1125 ex
720 1061 816 1144 parte
838 1061 978 1124 uastata
1001 1067 1061 1125 est.

338 1182 453 1270 Neque
484 1203 563 1248 uero
594 1185 708 1248 utrum
739 1203 828 1248 anno
851 1181 897 1248 IX
920 1204 949 1250 a.
973 1181 1006 1250 Ο.
1028 1204 1070 1264 n,
1096 1204 1160 1269 quo
1184 1187 1387 1270 tempestate
1412 1187 1526 1270 atque

231 1290 425 1356 fulminibus
460 1288 599 1355 multa
632 1289 797 1375 templa
831 1291 967 1376 perisse,
1010 1291 1098 1356 Inter
1132 1311 1218 1377 quae
1253 1290 1373 1357 Iouis
1410 1291 1525 1356 etiam

231 1396 523 1484 Capitolini,⁴)
545 1399 580 1462 et
602 1395 702 1462 huie
726 1395 940 1463 adiuncta
963 1395 1069 1463 fana
1092 1396 1186 1462 laesa
1202 1418 1275 1463 esse
1291 1396 1353 1462 Dio
1370 1417 1522 1462 comme-

232 1509 350 1587 morat,
382 1502 534 1571 incendio
563 1503 644 1569 urbs
667 1505 807 1574 uastata
830 1503 876 1569 sit
898 1524 1012 1586 necne,
1036 1524 1078 1570 ex
1100 1502 1155 1569 illo
1179 1504 1295 1570 Dionis
1317 1502 1390 1570 Ioco
1414 1501 1521 1590 plane

232 1616 382 1697 apparet,
407 1610 564 1685 sedasse
588 1608 733 1676 fortasse
759 1609 937 1676 uerisimile
960 1609 1066 1676 uideri
1081 1614 1201 1696 potest.
1236 1611 1285 1676 De
1301 1609 1520 1677 restitutione

232 1721 345 1784 autem
373 1717 490 1802 templi
513 1717 601 1783 Iouis
626 1715 802 1803 Capitolini
832 1716 915 1782 nihil
938 1717 1019 1783 certi
1042 1718 1231 1803 accepimus
1254 1718 1319 1782 nisi
1340 1715 1404 1782 hoc
1427 1715 1517 1782 Mon.

231 1826 365 1910 Anc.:⁵)
389 1822 612 1910 „Capitolium
634 1823 763 1889 refeci.“

341 1948 501 2015 Proximis
526 1949 624 2013 annis
648 1948 729 2013 urbs
763 1948 873 2014 uastis
906 1948 1069 2015 incendiis
1091 1949 1222 2031 integra
1244 1946 1377 2014 uidetur
1399 1947 1516 2014 fuisse.

234 2055 368 2122 Certum
403 2059 519 2120 autem
553 2060 606 2120 est
638 2075 727 2121 anno
750 2055 796 2120 ΠΙ
818 2077 848 2141 p.
873 2054 905 2121 O.
928 2055 989 2142 ΠΡ)
1021 2055 1185 2121 domum
1208 2057 1517 2138 Augustanam

233 2165 268 2228 et
298 2161 505 2248 templum
538 2161 719 2244 Magnae
751 2161 904 2228 Matris
936 2163 970 2227 in
1001 2161 1131 2228 Palatio
1162 2162 1246 2228 forte
1279 2160 1431 2228 incendio
1462 2164 1516 2228 in-

232 2268 385 2351 terisse.⁷)

341 2391 407 2458 Sed
438 2414 507 2459 una
540 2391 659 2460 domus
670 2393 695 2482 ⁸)
725 2393 814 2458 illius
853 2414 930 2480 pars
969 2394 1192 2477 conflagrasse
1230 2392 1372 2478 uidetur,
1412 2414 1517 2480 quam

233 2501 408 2582 Augustus
425 2501 495 2586 ipse
511 2500 668 2584 restituit,
683 2500 760 2583 „in“
773 2521 874 2588 quam
888 2501 1157 2582 „restitutionem
1172 2502 1332 2582 ueterani,
1350 2498 1515 2581 decuriae,

233 2606 341 2672 tribus
373 2608 476 2693 atque
508 2607 610 2672 etiam
639 2601 833 2690 singillatim
856 2629 874 2673 e
898 2612 1007 2673 cetero
1032 2627 1152 2690 genere
1175 2607 1347 2672 hominum
1370 2606 1516 2673 libentes

233 2734 273 2778 ac
305 2734 363 2799 pro
398 2712 559 2779 facultate
594 2714 735 2800 quiaque
759 2714 918 2800 pecunias
942 2713 1163 2795 contulerunt,
1187 2712 1356 2780 delibante
1379 2716 1517 2780 tanturn

231 2819 330 2886 modo
367 2841 405 2902 eo
441 2840 646 2886 summarum
682 2841 818 2886 aceruos
853 2841 961 2906 neque
996 2842 1038 2886 ex
1072 2841 1241 2908 quoquam
1275 2819 1350 2907 plus
1378 2819 1516 2886 denario

233 2925 467 3016 auferentur)
501 2929 612 3014 Atque
636 2928 861 2994 instauratam
882 2927 1018 2993 domum
1033 2931 1207 3010 Augustus
1223 2930 1331 2994 totam
1347 2927 1517 3014 publicam

231 3087 445 3099 *ἡ

341 3195 360 3264 1)
380 3194 433 3249 Dio
453 3195 501 3248 LV
518 3194 544 3258 8,
554 3194 580 3248 6.

340 3283 358 3350 ⁸)
377 3283 434 3338 iam
461 3300 536 3338 anno
555 3284 698 3339 XXXVIII
720 3302 745 3338 a.
765 3284 793 3338 0.
813 3301 841 3339 n.
861 3301 929 3338 casa
948 3284 1006 3354 igni
1033 3285 1113 3350 sacri,
1142 3285 1218 3356 qued
1243 3286 1272 3340 in
1300 3301 1334 3340 ea
1362 3283 1515 3356 pontifices

233 3370 369 3438 fecerant,
388 3376 518 3444 correpta
537 3373 766 3443 conflagrauerat
784 3373 847 3443 (Dio
865 3373 981 3428 XLVIII
998 3373 1086 3442 43,4).

340 3461 360 3530 ⁸)
378 3461 428 3516 sed
455 3461 584 3532 quaestio
613 3462 780 3516 difficillima
808 3463 843 3516 de
872 3479 939 3517 casa
957 3462 1070 3518 Romuli
1097 3463 1144 3518 hie
1162 3463 1280 3518 tractari
1298 3462 1404 3534 nequit,
1424 3479 1514 3534 eaque
1585 3493 1591 3506 ·

233 3565 300 3604 num
329 3567 453 3622 unquam
471 3551 508 3605 ad
527 3551 663 3623 liquidum
682 3550 798 3621 perduoi
816 3551 916 3622 possit,
936 3551 1020 3606 ualde
1040 3552 1154 3606 dubium
1173 3554 1224 3606 est.
1262 3551 1400 3607 Gilbert
1423 3551 1514 3606 l.s.1

232 3655 259 3709 p.
278 3637 322 3694 48.
359 3639 511 3694 Richter
535 3624 552 3694 Ι.
572 3657 594 3694 a.
614 3657 641 3710 p.
661 3639 721 3694 133.
742 3640 801 3695 134.

339 3728 359 3798 4)
378 3728 435 3782 iam
463 3728 552 3800 pridie
580 3728 652 3783 Non.
677 3729 728 3784 Iul.
756 3729 823 3784 anni
851 3729 990 3785 LXXXIII
1015 3747 1040 3785 a.
1060 3730 1089 3786 O.
1108 3747 1136 3788 n.
1155 3730 1210 3784 hoo
1229 3731 1366 3800 templum
1384 3729 1513 3784 incendio

106 3843 114 3851 ·
233 3816 463 3886 oonflagrauerat
490 3817 565 3886 (Tac.
593 3817 660 3871 hist.
683 3817 784 3873 11172.
831 3817 881 3873 Iul.
911 3818 1011 3890 Obseq.
1041 3818 1076 3873 57
1106 3818 1193 3889 [118]).
1230 3818 1360 3874 Jordan
1379 3820 1396 3873 I.
1416 3835 1438 3874 s.
1457 3818 1513 3885 12,

232 3921 261 3976 p.
279 3905 323 3960 27.
360 3905 531 3962 Rossbach
550 3905 604 3962 Rh.
623 3906 659 3962 M.
679 3907 727 3960 LII
748 3907 817 3961 1897
836 3925 862 3978 p.
883 3906 925 3962 11.
961 3906 1112 3962 Richter
1135 3907 1152 3962 I.
1173 3923 1194 3962 a.
1214 3924 1239 3977 p.
1261 3907 1320 3963 125.

340 3995 360 4064 Ι5)
379 3995 453 4050 Mon.
473 3997 543 4050 Ano.
562 3995 600 4049 IV
617 3995 642 4050 9.

340 4083 359 4153 ⁶)
378 4100 435 4138 nen
455 4100 530 4139 anno
549 4084 561 4137 I
581 4101 608 4154 p.
627 4085 656 4140 C.
676 4100 703 4138 n.
723 4087 755 4138 ut
773 4084 888 4154 scripsIt
905 4083 1054 4140 Richter
1071 4084 1089 4141 I.
1108 4102 1131 4140 s.
1149 4101 1176 4154 p.
1197 4083 1256 4140 135.

341 4174 359 4242 7)
379 4173 433 4227 Dio
452 4173 501 4226 LV
521 4173 601 4238 12,4.
638 4173 699 4228 Val.
720 4173 792 4229 Max.
810 4173 823 4227 I
841 4174 919 4240 8,11.

340 4262 361 4330 8)
380 4261 437 4317 iam
465 4279 540 4317 anno
558 4262 672 4317 XXXVI
700 4280 725 4318 a.
745 4263 774 4319 0.
794 4280 826 4318 n:
850 4280 914 4317 oum
933 4264 1077 4332 Augustus
1106 4279 1141 4318 ex
1161 4262 1257 4318 Sicilia
1275 4263 1312 4318 id.
1331 4263 1401 4318 Nou.
1422 4262 1465 4332 (cl.
1484 4263 1513 4319 Ο.

232 4349 254 4406 1.
274 4351 304 4405 L.
324 4350 350 4407 1²
368 4368 394 4421 p.
412 4350 474 4422 461)
493 4351 620 4416 redisset,
651 4351 752 4406 demus
777 4353 946 4422 Augustana
964 4353 999 4406 de
1018 4351 1097 4407 eaelo
1115 4355 1196 4408 tacta
1214 4351 1422 4422 deflagrauerat
1433 4352 1513 4422 (Plin.

232 4455 260 4494 n.
280 4440 307 4494 h.
327 4439 430 4495 XXXV
447 4440 491 4494 83.
528 4440 581 4494 Dio
601 4440 689 4495 XLIX
709 4440 786 4511 155),
807 4456 892 4511 quam
909 4441 956 4495 ille
974 4441 1097 4495 restItuiI
1115 4440 1194 4508 (vell.
1213 4441 1321 4496 Patere.
1340 4441 1365 4495 11
1383 4441 1471 4512 81,3).

341 4529 361 4599 ⁰)
382 4529 459 4585 Suet
477 4531 549 4600 Aug.
568 4528 611 4584 57.
