<?xml version="1.0" encoding="UTF-8"?>
<!DOCTYPE html PUBLIC "-//W3C//DTD XHTML 1.0 Transitional//EN"
    "http://www.w3.org/TR/xhtml1/DTD/xhtml1-transitional.dtd">
<html xmlns="http://www.w3.org/1999/xhtml" xml:lang="en" lang="en">
 <head>
  <title>
</title>
<meta http-equiv="Content-Type" content="text/html;charset=utf-8" />
  <meta name='ocr-system' content='tesseract 3.04.00' />
  <meta name='ocr-capabilities' content='ocr_page ocr_carea ocr_par ocr_line ocrx_word'/>
</head>
<body>
  <div class='ocr_page' id='page_1' title='image "./deincendiisurbi00werngoog_0030.png"; bbox 0 0 3208 4992; ppageno 0'>
   <div class='ocr_carea' id='block_1_1' title="bbox 753 241 974 306">
    <p class='ocr_par' dir='ltr' id='par_1_1' title="bbox 753 241 974 306">
     <span class='ocr_line' id='line_1_1' title="bbox 753 241 974 306; baseline 0.009 -18"><span class='ocrx_word' id='word_1_1' title='bbox 753 241 974 306; x_wconf 77' lang='grc'>-28-</span> 
     </span>
    </p>
   </div>
   <div class='ocr_carea' id='block_1_2' title="bbox 142 420 1508 614">
    <p class='ocr_par' dir='ltr' id='par_1_2' title="bbox 142 420 1508 614">
     <span class='ocr_line' id='line_1_2' title="bbox 142 420 1508 508; baseline 0.003 -26"><span class='ocrx_word' id='word_1_2' title='bbox 142 472 147 482; x_wconf 97' lang='grc'><strong>.</strong></span> <span class='ocrx_word' id='word_1_3' title='bbox 225 420 347 508; x_wconf 91' lang='lat' dir='ltr'><strong>quibus</strong></span> <span class='ocrx_word' id='word_1_4' title='bbox 378 421 536 507; x_wconf 84' lang='lat' dir='ltr'>proximis</span> <span class='ocrx_word' id='word_1_5' title='bbox 567 420 773 508; x_wconf 80' lang='lat' dir='ltr'>temporibus</span> <span class='ocrx_word' id='word_1_6' title='bbox 807 420 909 505; x_wconf 87' lang='lat' dir='ltr'><strong>„urbs</strong></span> <span class='ocrx_word' id='word_1_7' title='bbox 931 423 1071 488; x_wconf 87' lang='lat' dir='ltr'><strong>uastata</strong></span> <span class='ocrx_word' id='word_1_8' title='bbox 1094 423 1155 504; x_wconf 81' lang='lat' dir='ltr'><strong>est,</strong></span> <span class='ocrx_word' id='word_1_9' title='bbox 1185 420 1392 508; x_wconf 81' lang='lat' dir='ltr'><strong>consumptis</strong></span> <span class='ocrx_word' id='word_1_10' title='bbox 1415 420 1508 486; x_wconf 88' lang='lat' dir='ltr'><strong>anti·</strong></span> 
     </span>
     <span class='ocr_line' id='line_1_3' title="bbox 223 526 868 614; baseline 0.002 -21"><span class='ocrx_word' id='word_1_11' title='bbox 223 528 391 614; x_wconf 77' lang='lat' dir='ltr'><strong>quisSImis</strong></span> <span class='ocrx_word' id='word_1_12' title='bbox 415 526 580 595; x_wconf 88' lang='lat' dir='ltr'><strong>delubris“</strong></span> <span class='ocrx_word' id='word_1_13' title='bbox 605 530 694 595; x_wconf 89' lang='lat' dir='ltr'><strong>teste</strong></span> <span class='ocrx_word' id='word_1_14' title='bbox 717 527 868 610; x_wconf 75' lang='lat' dir='ltr'><strong>Tacit0.¹)</strong></span> 
     </span>
    </p>
   </div>
   <div class='ocr_carea' id='block_1_3' title="bbox 222 651 1506 1274">
    <p class='ocr_par' dir='ltr' id='par_1_3' title="bbox 222 651 1506 1274">
     <span class='ocr_line' id='line_1_4' title="bbox 806 651 919 722; baseline -0.027 0"><span class='ocrx_word' id='word_1_15' title='bbox 806 651 919 722; x_wconf 77' lang='lat' dir='ltr'><strong>Galba</strong></span> 
     </span>
     <span class='ocr_line' id='line_1_5' title="bbox 225 757 1506 847; baseline 0 -23"><span class='ocrx_word' id='word_1_16' title='bbox 225 760 424 845; x_wconf 80' lang='lat' dir='ltr'><strong>imperatore</strong></span> <span class='ocrx_word' id='word_1_17' title='bbox 446 758 653 847; x_wconf 89' lang='lat' dir='ltr'><strong>templum</strong></span> <span class='ocrx_word' id='word_1_18' title='bbox 677 757 769 826; x_wconf 90' lang='lat' dir='ltr'><strong>diui</strong></span> <span class='ocrx_word' id='word_1_19' title='bbox 783 758 974 842; x_wconf 80' lang='lat' dir='ltr'><strong>Augusti</strong></span> <span class='ocrx_word' id='word_1_20' title='bbox 989 759 1078 846; x_wconf 92' lang='lat' dir='ltr'><strong>quod</strong></span> <span class='ocrx_word' id='word_1_21' title='bbox 1094 761 1167 826; x_wconf 89' lang='lat' dir='ltr'><strong>erat</strong></span> <span class='ocrx_word' id='word_1_22' title='bbox 1182 759 1285 826; x_wconf 89' lang='lat' dir='ltr'><strong>situm</strong></span> <span class='ocrx_word' id='word_1_23' title='bbox 1300 759 1336 825; x_wconf 91' lang='lat' dir='ltr'><strong>in</strong></span> <span class='ocrx_word' id='word_1_24' title='bbox 1352 758 1506 825; x_wconf 88' lang='lat' dir='ltr'><strong>Palatino</strong></span> 
     </span>
     <span class='ocr_line' id='line_1_6' title="bbox 224 864 1506 953; baseline 0 -21"><span class='ocrx_word' id='word_1_25' title='bbox 224 868 349 950; x_wconf 87' lang='lat' dir='ltr'><strong>monte,</strong></span> <span class='ocrx_word' id='word_1_26' title='bbox 375 864 416 932; x_wconf 90' lang='lat' dir='ltr'><strong>de</strong></span> <span class='ocrx_word' id='word_1_27' title='bbox 440 864 531 933; x_wconf 91' lang='lat' dir='ltr'><strong>caelo</strong></span> <span class='ocrx_word' id='word_1_28' title='bbox 555 869 685 933; x_wconf 87' lang='lat' dir='ltr'><strong>tactum</strong></span> <span class='ocrx_word' id='word_1_29' title='bbox 709 865 966 953; x_wconf 70' lang='lat' dir='ltr'><strong>conilagrauit2)</strong></span> <span class='ocrx_word' id='word_1_30' title='bbox 990 868 1091 952; x_wconf 89' lang='lat' dir='ltr'><strong>atque</strong></span> <span class='ocrx_word' id='word_1_31' title='bbox 1113 865 1148 931; x_wconf 94' lang='lat' dir='ltr'><strong>id</strong></span> <span class='ocrx_word' id='word_1_32' title='bbox 1164 869 1241 952; x_wconf 91' lang='lat' dir='ltr'><strong>post</strong></span> <span class='ocrx_word' id='word_1_33' title='bbox 1264 887 1293 932; x_wconf 88' lang='lat' dir='ltr'><strong>a.</strong></span> <span class='ocrx_word' id='word_1_34' title='bbox 1310 865 1339 932; x_wconf 84' lang='lat' dir='ltr'><strong>d</strong></span> <span class='ocrx_word' id='word_1_35' title='bbox 1356 865 1401 932; x_wconf 93' lang='lat' dir='ltr'><strong>III</strong></span> <span class='ocrx_word' id='word_1_36' title='bbox 1422 864 1506 932; x_wconf 91' lang='lat' dir='ltr'><strong>Non.</strong></span> 
     </span>
     <span class='ocr_line' id='line_1_7' title="bbox 224 971 1506 1060; baseline 0 -22"><span class='ocrx_word' id='word_1_37' title='bbox 224 972 292 1038; x_wconf 89' lang='lat' dir='ltr'><strong>Ian.</strong></span> <span class='ocrx_word' id='word_1_38' title='bbox 316 971 397 1040; x_wconf 92' lang='lat' dir='ltr'><strong>anni</strong></span> <span class='ocrx_word' id='word_1_39' title='bbox 420 971 525 1038; x_wconf 87' lang='lat' dir='ltr'>LXIX</span> <span class='ocrx_word' id='word_1_40' title='bbox 547 994 577 1060; x_wconf 94' lang='lat' dir='ltr'><strong>p.</strong></span> <span class='ocrx_word' id='word_1_41' title='bbox 594 973 627 1040; x_wconf 84' lang='lat' dir='ltr'><strong>G.</strong></span> <span class='ocrx_word' id='word_1_42' title='bbox 642 994 684 1057; x_wconf 83' lang='lat' dir='ltr'><strong>n,</strong></span> <span class='ocrx_word' id='word_1_43' title='bbox 709 993 785 1040; x_wconf 89' lang='lat' dir='ltr'><strong>cum</strong></span> <span class='ocrx_word' id='word_1_44' title='bbox 805 973 840 1038; x_wconf 91' lang='lat' dir='ltr'><strong>in</strong></span> <span class='ocrx_word' id='word_1_45' title='bbox 863 975 942 1040; x_wconf 87' lang='lat' dir='ltr'><strong>eota</strong></span> <span class='ocrx_word' id='word_1_46' title='bbox 963 973 1105 1039; x_wconf 77' lang='lat' dir='ltr'><strong>fratrum</strong></span> <span class='ocrx_word' id='word_1_47' title='bbox 1124 972 1335 1059; x_wconf 80' lang='lat' dir='ltr'><strong>Arualium³)</strong></span> <span class='ocrx_word' id='word_1_48' title='bbox 1358 972 1506 1039; x_wconf 89' lang='lat' dir='ltr'><strong>adhunc</strong></span> 
     </span>
     <span class='ocr_line' id='line_1_8' title="bbox 225 1078 1505 1167; baseline 0 -23"><span class='ocrx_word' id='word_1_49' title='bbox 225 1078 314 1146; x_wconf 88' lang='lat' dir='ltr'><strong>diem</strong></span> <span class='ocrx_word' id='word_1_50' title='bbox 336 1078 481 1148; x_wconf 89' lang='lat' dir='ltr'><strong>relatum</strong></span> <span class='ocrx_word' id='word_1_51' title='bbox 505 1080 557 1146; x_wconf 80' lang='lat' dir='ltr'><strong>sit.</strong></span> <span class='ocrx_word' id='word_1_52' title='bbox 603 1081 693 1146; x_wconf 85' lang='lat' dir='ltr'><strong>Ante</strong></span> <span class='ocrx_word' id='word_1_53' title='bbox 716 1082 831 1146; x_wconf 89' lang='lat' dir='ltr'><strong>autem</strong></span> <span class='ocrx_word' id='word_1_54' title='bbox 854 1100 982 1147; x_wconf 89' lang='lat' dir='ltr'><strong>annum</strong></span> <span class='ocrx_word' id='word_1_55' title='bbox 1004 1079 1200 1146; x_wconf 89' lang='lat' dir='ltr'>LXXXVIII</span> <span class='ocrx_word' id='word_1_56' title='bbox 1227 1102 1258 1167; x_wconf 88' lang='lat' dir='ltr'><strong>p.</strong></span> <span class='ocrx_word' id='word_1_57' title='bbox 1282 1079 1314 1148; x_wconf 81' lang='lat' dir='ltr'><strong>O.</strong></span> <span class='ocrx_word' id='word_1_58' title='bbox 1338 1101 1370 1148; x_wconf 91' lang='lat' dir='ltr'><strong>n.</strong></span> <span class='ocrx_word' id='word_1_59' title='bbox 1393 1080 1505 1146; x_wconf 92' lang='lat' dir='ltr'><strong>Domi-</strong></span> 
     </span>
     <span class='ocr_line' id='line_1_9' title="bbox 222 1171 1033 1274; baseline 0 -22"><span class='ocrx_word' id='word_1_60' title='bbox 222 1186 337 1253; x_wconf 90' lang='lat' dir='ltr'><strong>tianus</strong></span> <span class='ocrx_word' id='word_1_61' title='bbox 352 1187 422 1256; x_wconf 85' lang='lat' dir='ltr'><strong>&#39;hoc</strong></span> <span class='ocrx_word' id='word_1_62' title='bbox 444 1185 606 1274; x_wconf 91' lang='lat' dir='ltr'><strong>templum</strong></span> <span class='ocrx_word' id='word_1_63' title='bbox 629 1187 823 1271; x_wconf 58' lang='lat' dir='ltr'><strong>restituitf)¹</strong></span> <span class='ocrx_word' id='word_1_64' title='bbox 1030 1171 1033 1179; x_wconf 55' lang='grc'><em>’</em></span> 
     </span>
    </p>
   </div>
   <div class='ocr_carea' id='block_1_4' title="bbox 222 1309 1592 2467">
    <p class='ocr_par' dir='ltr' id='par_1_4' title="bbox 222 1299 1592 2467">
     <span class='ocr_line' id='line_1_10' title="bbox 333 1309 1505 1398; baseline 0.001 -21"><span class='ocrx_word' id='word_1_65' title='bbox 333 1311 424 1377; x_wconf 87' lang='lat' dir='ltr'><strong>Anni</strong></span> <span class='ocrx_word' id='word_1_66' title='bbox 438 1310 529 1377; x_wconf 92' lang='lat' dir='ltr'><strong>LXX</strong></span> <span class='ocrx_word' id='word_1_67' title='bbox 543 1333 573 1398; x_wconf 90' lang='lat' dir='ltr'><strong>p.</strong></span> <span class='ocrx_word' id='word_1_68' title='bbox 590 1311 622 1378; x_wconf 81' lang='lat' dir='ltr'><strong>O.</strong></span> <span class='ocrx_word' id='word_1_69' title='bbox 638 1333 670 1379; x_wconf 91' lang='lat' dir='ltr'><strong>n.</strong></span> <span class='ocrx_word' id='word_1_70' title='bbox 691 1333 720 1378; x_wconf 90' lang='lat' dir='ltr'><strong>a</strong></span> <span class='ocrx_word' id='word_1_71' title='bbox 737 1310 766 1377; x_wconf 93' lang='lat' dir='ltr'><strong>d.</strong></span> <span class='ocrx_word' id='word_1_72' title='bbox 782 1310 860 1376; x_wconf 93' lang='lat' dir='ltr'><strong>XIV</strong></span> <span class='ocrx_word' id='word_1_73' title='bbox 875 1310 941 1378; x_wconf 89' lang='lat' dir='ltr'><strong>kal.</strong></span> <span class='ocrx_word' id='word_1_74' title='bbox 964 1311 1033 1380; x_wconf 90' lang='lat' dir='ltr'><strong>Ian.</strong></span> <span class='ocrx_word' id='word_1_75' title='bbox 1057 1309 1296 1397; x_wconf 75' lang='lat' dir='ltr'><strong>Capitolium</strong></span> <span class='ocrx_word' id='word_1_76' title='bbox 1319 1310 1409 1398; x_wconf 95' lang='lat' dir='ltr'><strong>quod</strong></span> <span class='ocrx_word' id='word_1_77' title='bbox 1432 1312 1505 1378; x_wconf 89' lang='lat' dir='ltr'><strong>uix-</strong></span> 
     </span>
     <span class='ocr_line' id='line_1_11' title="bbox 226 1387 1592 1506; baseline 0 -23"><span class='ocrx_word' id='word_1_78' title='bbox 226 1416 306 1483; x_wconf 90' lang='lat' dir='ltr'><strong>dum</strong></span> <span class='ocrx_word' id='word_1_79' title='bbox 330 1421 404 1484; x_wconf 90' lang='lat' dir='ltr'><strong>erat</strong></span> <span class='ocrx_word' id='word_1_80' title='bbox 426 1418 631 1501; x_wconf 88' lang='lat' dir='ltr'><strong>restitutum,</strong></span> <span class='ocrx_word' id='word_1_81' title='bbox 654 1419 776 1485; x_wconf 80' lang='lat' dir='ltr'><strong>Iterum</strong></span> <span class='ocrx_word' id='word_1_82' title='bbox 798 1418 946 1485; x_wconf 87' lang='lat' dir='ltr'><strong>flammis</strong></span> <span class='ocrx_word' id='word_1_83' title='bbox 969 1422 1021 1487; x_wconf 90' lang='lat' dir='ltr'><strong>est</strong></span> <span class='ocrx_word' id='word_1_84' title='bbox 1045 1418 1299 1506; x_wconf 64' lang='lat' dir='ltr'><strong>absumptumt)</strong></span> <span class='ocrx_word' id='word_1_85' title='bbox 1333 1417 1506 1484; x_wconf 89' lang='lat' dir='ltr'><strong>Vitelliani</strong></span> <span class='ocrx_word' id='word_1_86' title='bbox 1590 1387 1592 1470; x_wconf 71' lang='lat' dir='ltr'>I</span> 
     </span>
     <span class='ocr_line' id='line_1_12' title="bbox 226 1523 1592 1613; baseline 0 -23"><span class='ocrx_word' id='word_1_87' title='bbox 226 1525 315 1590; x_wconf 91' lang='lat' dir='ltr'><strong>enim</strong></span> <span class='ocrx_word' id='word_1_88' title='bbox 339 1525 460 1611; x_wconf 87' lang='lat' dir='ltr'><strong>omnia,</strong></span> <span class='ocrx_word' id='word_1_89' title='bbox 485 1545 573 1613; x_wconf 88' lang='lat' dir='ltr'><strong>quae</strong></span> <span class='ocrx_word' id='word_1_90' title='bbox 597 1525 719 1593; x_wconf 87' lang='lat' dir='ltr'><strong>circum</strong></span> <span class='ocrx_word' id='word_1_91' title='bbox 743 1524 942 1610; x_wconf 74' lang='lat' dir='ltr'><strong>Capitolium</strong></span> <span class='ocrx_word' id='word_1_92' title='bbox 966 1528 1072 1610; x_wconf 87' lang='lat' dir='ltr'><strong>erant,</strong></span> <span class='ocrx_word' id='word_1_93' title='bbox 1100 1525 1326 1592; x_wconf 87' lang='lat' dir='ltr'><strong>incenderant.</strong></span> <span class='ocrx_word' id='word_1_94' title='bbox 1371 1523 1416 1591; x_wconf 79' lang='lat' dir='ltr'><strong>Et</strong></span> <span class='ocrx_word' id='word_1_95' title='bbox 1438 1527 1505 1609; x_wconf 84' lang='lat' dir='ltr'><strong>igni</strong></span> <span class='ocrx_word' id='word_1_96' title='bbox 1591 1551 1592 1604; x_wconf 63' lang='lat'>3</span> 
     </span>
     <span class='ocr_line' id='line_1_13' title="bbox 227 1631 1506 1718; baseline -0.001 -21"><span class='ocrx_word' id='word_1_97' title='bbox 227 1652 292 1717; x_wconf 92' lang='lat' dir='ltr'><strong>quo</strong></span> <span class='ocrx_word' id='word_1_98' title='bbox 324 1631 442 1699; x_wconf 90' lang='lat' dir='ltr'><strong>domus</strong></span> <span class='ocrx_word' id='word_1_99' title='bbox 472 1631 604 1698; x_wconf 88' lang='lat' dir='ltr'><strong>uicinae</strong></span> <span class='ocrx_word' id='word_1_100' title='bbox 628 1631 929 1718; x_wconf 84' lang='lat' dir='ltr'><strong>conflagrauerant,</strong></span> <span class='ocrx_word' id='word_1_101' title='bbox 961 1631 1167 1718; x_wconf 90' lang='lat' dir='ltr'><strong>templum</strong></span> <span class='ocrx_word' id='word_1_102' title='bbox 1197 1632 1315 1698; x_wconf 91' lang='lat' dir='ltr'><strong>Iouis</strong></span> <span class='ocrx_word' id='word_1_103' title='bbox 1346 1631 1506 1718; x_wconf 91' lang='lat' dir='ltr'><strong>Optimi</strong></span> 
     </span>
     <span class='ocr_line' id='line_1_14' title="bbox 223 1737 1592 1826; baseline -0.001 -21"><span class='ocrx_word' id='word_1_104' title='bbox 223 1737 399 1806; x_wconf 84' lang='lat' dir='ltr'><strong>Maximi</strong></span> <span class='ocrx_word' id='word_1_105' title='bbox 430 1739 541 1826; x_wconf 90' lang='lat' dir='ltr'><strong>ipsum</strong></span> <span class='ocrx_word' id='word_1_106' title='bbox 564 1759 705 1825; x_wconf 89' lang='lat' dir='ltr'><strong>quoque,</strong></span> <span class='ocrx_word' id='word_1_107' title='bbox 736 1739 831 1805; x_wconf 79' lang='lat' dir='ltr'><strong>errius</strong></span> <span class='ocrx_word' id='word_1_108' title='bbox 853 1738 1029 1824; x_wconf 81' lang='lat' dir='ltr'><strong>fastigium</strong></span> <span class='ocrx_word' id='word_1_109' title='bbox 1053 1744 1126 1806; x_wconf 87' lang='lat' dir='ltr'><strong>erat</strong></span> <span class='ocrx_word' id='word_1_110' title='bbox 1147 1737 1304 1823; x_wconf 85' lang='lat' dir='ltr'><strong>ligneum,</strong></span> <span class='ocrx_word' id='word_1_111' title='bbox 1339 1743 1392 1806; x_wconf 91' lang='lat' dir='ltr'><strong>est</strong></span> <span class='ocrx_word' id='word_1_112' title='bbox 1415 1759 1505 1805; x_wconf 92' lang='lat' dir='ltr'><strong>eom·</strong></span> <span class='ocrx_word' id='word_1_113' title='bbox 1591 1751 1592 1826; x_wconf 48' lang='lat' dir='ltr'><strong>t</strong></span> 
     </span>
     <span class='ocr_line' id='line_1_15' title="bbox 224 1844 1592 1933; baseline -0.001 -22"><span class='ocrx_word' id='word_1_114' title='bbox 224 1845 435 1932; x_wconf 90' lang='lat' dir='ltr'><strong>prehensum.</strong></span> <span class='ocrx_word' id='word_1_115' title='bbox 471 1847 542 1928; x_wconf 74' lang='lat' dir='ltr'><strong>Quo</strong></span> <span class='ocrx_word' id='word_1_116' title='bbox 565 1844 638 1912; x_wconf 91' lang='lat' dir='ltr'><strong>loco</strong></span> <span class='ocrx_word' id='word_1_117' title='bbox 665 1847 874 1933; x_wconf 77' lang='lat' dir='ltr'><strong>„prominens</strong></span> <span class='ocrx_word' id='word_1_118' title='bbox 897 1846 1065 1933; x_wconf 87' lang='lat' dir='ltr'><strong>porticus“</strong></span> <span class='ocrx_word' id='word_1_119' title='bbox 1090 1845 1201 1930; x_wconf 81' lang='lat' dir='ltr'><strong>fuerit,</strong></span> <span class='ocrx_word' id='word_1_120' title='bbox 1227 1847 1321 1913; x_wconf 90' lang='lat' dir='ltr'><strong>cuius</strong></span> <span class='ocrx_word' id='word_1_121' title='bbox 1338 1845 1505 1927; x_wconf 65' lang='lat' dir='ltr'><strong>Tacitust)</strong></span> <span class='ocrx_word' id='word_1_122' title='bbox 1591 1851 1592 1868; x_wconf 66' lang='lat'>¹</span> 
     </span>
     <span class='ocr_line' id='line_1_16' title="bbox 222 1950 1592 2040; baseline -0.004 -22"><span class='ocrx_word' id='word_1_123' title='bbox 222 1953 426 2020; x_wconf 91' lang='lat' dir='ltr'><strong>mentionem</strong></span> <span class='ocrx_word' id='word_1_124' title='bbox 442 1951 533 2037; x_wconf 86' lang='lat' dir='ltr'><strong>fecit,</strong></span> <span class='ocrx_word' id='word_1_125' title='bbox 557 1950 646 2018; x_wconf 91' lang='lat' dir='ltr'><strong>unde</strong></span> <span class='ocrx_word' id='word_1_126' title='bbox 661 1952 801 2018; x_wconf 87' lang='lat' dir='ltr'><strong>flamma</strong></span> <span class='ocrx_word' id='word_1_127' title='bbox 822 1973 928 2038; x_wconf 85' lang='lat' dir='ltr'><strong>rapax</strong></span> <span class='ocrx_word' id='word_1_128' title='bbox 950 1953 986 2019; x_wconf 93' lang='lat' dir='ltr'><strong>in</strong></span> <span class='ocrx_word' id='word_1_129' title='bbox 1002 1951 1165 2039; x_wconf 92' lang='lat' dir='ltr'><strong>templum</strong></span> <span class='ocrx_word' id='word_1_130' title='bbox 1180 1955 1291 2040; x_wconf 92' lang='lat' dir='ltr'><strong>ipsum</strong></span> <span class='ocrx_word' id='word_1_131' title='bbox 1307 1975 1343 2019; x_wconf 92' lang='lat' dir='ltr'><strong>se</strong></span> <span class='ocrx_word' id='word_1_132' title='bbox 1360 1950 1505 2032; x_wconf 74' lang='lat' dir='ltr'><strong>dithrdit,</strong></span> <span class='ocrx_word' id='word_1_133' title='bbox 1591 1975 1592 2012; x_wconf 65' lang='grc'><strong>1</strong></span> 
     </span>
     <span class='ocr_line' id='line_1_17' title="bbox 223 2058 1592 2147; baseline -0.001 -22"><span class='ocrx_word' id='word_1_134' title='bbox 223 2059 385 2127; x_wconf 80' lang='lat' dir='ltr'><strong>affirmari</strong></span> <span class='ocrx_word' id='word_1_135' title='bbox 414 2080 483 2126; x_wconf 93' lang='lat' dir='ltr'><strong>non</strong></span> <span class='ocrx_word' id='word_1_136' title='bbox 512 2062 633 2146; x_wconf 89' lang='lat' dir='ltr'><strong>potest.</strong></span> <span class='ocrx_word' id='word_1_137' title='bbox 691 2058 759 2125; x_wconf 81' lang='lat' dir='ltr'><strong>Sed</strong></span> <span class='ocrx_word' id='word_1_138' title='bbox 790 2058 935 2126; x_wconf 81' lang='lat' dir='ltr'><strong>fortasse</strong></span> <span class='ocrx_word' id='word_1_139' title='bbox 965 2060 1030 2126; x_wconf 84' lang='lat' dir='ltr'><strong>tuit</strong></span> <span class='ocrx_word' id='word_1_140' title='bbox 1059 2059 1220 2147; x_wconf 87' lang='lat' dir='ltr'><strong>porticus,</strong></span> <span class='ocrx_word' id='word_1_141' title='bbox 1254 2081 1320 2146; x_wconf 89' lang='lat' dir='ltr'><strong>qua</strong></span> <span class='ocrx_word' id='word_1_142' title='bbox 1351 2080 1441 2144; x_wconf 87' lang='lat' dir='ltr'><strong>area,</strong></span> <span class='ocrx_word' id='word_1_143' title='bbox 1472 2060 1507 2124; x_wconf 94' lang='lat' dir='ltr'><strong>in</strong></span> <span class='ocrx_word' id='word_1_144' title='bbox 1590 2079 1592 2090; x_wconf 69' lang='lat'><strong>⁴</strong></span> 
     </span>
     <span class='ocr_line' id='line_1_18' title="bbox 225 2165 1507 2254; baseline -0.001 -23"><span class='ocrx_word' id='word_1_145' title='bbox 225 2186 293 2252; x_wconf 91' lang='lat' dir='ltr'><strong>qua</strong></span> <span class='ocrx_word' id='word_1_146' title='bbox 315 2165 397 2232; x_wconf 92' lang='lat' dir='ltr'><strong>illud</strong></span> <span class='ocrx_word' id='word_1_147' title='bbox 419 2167 582 2254; x_wconf 88' lang='lat' dir='ltr'><strong>templum</strong></span> <span class='ocrx_word' id='word_1_148' title='bbox 607 2168 680 2232; x_wconf 89' lang='lat' dir='ltr'><strong>erat</strong></span> <span class='ocrx_word' id='word_1_149' title='bbox 702 2168 858 2252; x_wconf 89' lang='lat' dir='ltr'><strong>positum,</strong></span> <span class='ocrx_word' id='word_1_150' title='bbox 884 2169 1004 2234; x_wconf 88' lang='lat' dir='ltr'><strong>emata</strong></span> <span class='ocrx_word' id='word_1_151' title='bbox 1027 2169 1108 2233; x_wconf 90' lang='lat' dir='ltr'><strong>erat.</strong></span> <span class='ocrx_word' id='word_1_152' title='bbox 1153 2167 1238 2233; x_wconf 85' lang='lat' dir='ltr'><strong>Item</strong></span> <span class='ocrx_word' id='word_1_153' title='bbox 1260 2165 1507 2253; x_wconf 82' lang='lat' dir='ltr'><strong>tabularium</strong></span> 
     </span>
     <span class='ocr_line' id='line_1_19' title="bbox 224 2271 1592 2360; baseline 0 -22"><span class='ocrx_word' id='word_1_154' title='bbox 224 2271 314 2359; x_wconf 91' lang='lat' dir='ltr'><strong>quod</strong></span> <span class='ocrx_word' id='word_1_155' title='bbox 345 2275 418 2339; x_wconf 88' lang='lat' dir='ltr'><strong>erat</strong></span> <span class='ocrx_word' id='word_1_156' title='bbox 448 2273 551 2340; x_wconf 89' lang='lat' dir='ltr'><strong>situm</strong></span> <span class='ocrx_word' id='word_1_157' title='bbox 582 2273 618 2339; x_wconf 93' lang='lat' dir='ltr'><strong>in</strong></span> <span class='ocrx_word' id='word_1_158' title='bbox 649 2294 690 2340; x_wconf 89' lang='lat' dir='ltr'><strong>ea</strong></span> <span class='ocrx_word' id='word_1_159' title='bbox 719 2275 815 2360; x_wconf 86' lang='lat' dir='ltr'><strong>parte</strong></span> <span class='ocrx_word' id='word_1_160' title='bbox 847 2273 985 2358; x_wconf 81' lang='lat' dir='ltr'><strong>montis,</strong></span> <span class='ocrx_word' id='word_1_161' title='bbox 1022 2294 1108 2360; x_wconf 91' lang='lat' dir='ltr'><strong>quae</strong></span> <span class='ocrx_word' id='word_1_162' title='bbox 1143 2277 1277 2360; x_wconf 87' lang='lat' dir='ltr'><strong>spectat</strong></span> <span class='ocrx_word' id='word_1_163' title='bbox 1310 2273 1354 2340; x_wconf 94' lang='lat' dir='ltr'><strong>ad</strong></span> <span class='ocrx_word' id='word_1_164' title='bbox 1387 2273 1505 2355; x_wconf 83' lang='lat' dir='ltr'><strong>iorum,</strong></span> <span class='ocrx_word' id='word_1_165' title='bbox 1591 2279 1592 2312; x_wconf 71' lang='lat'><em>³</em></span> 
     </span>
     <span class='ocr_line' id='line_1_20' title="bbox 223 2371 1592 2467; baseline -0.001 -22"><span class='ocrx_word' id='word_1_166' title='bbox 223 2379 370 2446; x_wconf 80' lang='lat' dir='ltr'><strong>flammis</strong></span> <span class='ocrx_word' id='word_1_167' title='bbox 395 2380 613 2467; x_wconf 90' lang='lat' dir='ltr'><strong>absumptum</strong></span> <span class='ocrx_word' id='word_1_168' title='bbox 643 2401 718 2448; x_wconf 91' lang='lat' dir='ltr'><strong>esse</strong></span> <span class='ocrx_word' id='word_1_169' title='bbox 745 2379 965 2447; x_wconf 85' lang='lat' dir='ltr'><strong>manifestum</strong></span> <span class='ocrx_word' id='word_1_170' title='bbox 989 2387 1051 2465; x_wconf 85' lang='lat' dir='ltr'><strong>est,</strong></span> <span class='ocrx_word' id='word_1_171' title='bbox 1084 2401 1159 2447; x_wconf 91' lang='lat' dir='ltr'><strong>cum</strong></span> <span class='ocrx_word' id='word_1_172' title='bbox 1182 2381 1218 2446; x_wconf 90' lang='lat' dir='ltr'><strong>in</strong></span> <span class='ocrx_word' id='word_1_173' title='bbox 1241 2378 1404 2467; x_wconf 79' lang='lat' dir='ltr'><strong>Capitolio</strong></span> <span class='ocrx_word' id='word_1_174' title='bbox 1428 2378 1506 2446; x_wconf 84' lang='lat' dir='ltr'><strong>reii-</strong></span> <span class='ocrx_word' id='word_1_175' title='bbox 1591 2371 1592 2416; x_wconf 63' lang='lat'>³</span> 
     </span>
    </p>
   </div>
   <div class='ocr_carea' id='block_1_5' title="bbox 224 2486 1507 2576">
    <p class='ocr_par' dir='ltr' id='par_1_5' title="bbox 224 2471 1592 2576">
     <span class='ocr_line' id='line_1_21' title="bbox 224 2486 1507 2576; baseline 0 -24"><span class='ocrx_word' id='word_1_176' title='bbox 224 2486 341 2553; x_wconf 89' lang='lat' dir='ltr'><strong>ciendo</strong></span> <span class='ocrx_word' id='word_1_177' title='bbox 353 2486 592 2574; x_wconf 69' lang='lat' dir='ltr'><strong>Vespasianus</strong></span> <span class='ocrx_word' id='word_1_178' title='bbox 605 2489 662 2574; x_wconf 92' lang='lat' dir='ltr'><strong>qui</strong></span> <span class='ocrx_word' id='word_1_179' title='bbox 673 2490 762 2554; x_wconf 88' lang='lat' dir='ltr'><strong>teste</strong></span> <span class='ocrx_word' id='word_1_180' title='bbox 774 2486 935 2555; x_wconf 88' lang='lat' dir='ltr'><strong>Suetonio</strong></span> <span class='ocrx_word' id='word_1_181' title='bbox 944 2489 967 2572; x_wconf 70' lang='lat'><strong>⁹)</strong></span> <span class='ocrx_word' id='word_1_182' title='bbox 984 2486 1178 2575; x_wconf 89' lang='lat' dir='ltr'><strong>„ruderibus</strong></span> <span class='ocrx_word' id='word_1_183' title='bbox 1190 2487 1372 2576; x_wconf 84' lang='lat' dir='ltr'><strong>purgandis</strong></span> <span class='ocrx_word' id='word_1_184' title='bbox 1384 2509 1507 2554; x_wconf 91' lang='lat' dir='ltr'><strong>manus</strong></span> 
     </span>
    </p>
   </div>
   <div class='ocr_carea' id='block_1_6' title="bbox 222 2592 1592 3215">
    <p class='ocr_par' dir='ltr' id='par_1_6' title="bbox 222 2579 1592 3215">
     <span class='ocr_line' id='line_1_22' title="bbox 224 2592 1592 2682; baseline -0.001 -23"><span class='ocrx_word' id='word_1_185' title='bbox 224 2595 351 2679; x_wconf 91' lang='lat' dir='ltr'><strong>primus</strong></span> <span class='ocrx_word' id='word_1_186' title='bbox 368 2592 520 2661; x_wconf 92' lang='lat' dir='ltr'><strong>admouit</strong></span> <span class='ocrx_word' id='word_1_187' title='bbox 543 2615 583 2660; x_wconf 92' lang='lat' dir='ltr'><strong>ac</strong></span> <span class='ocrx_word' id='word_1_188' title='bbox 599 2615 660 2661; x_wconf 91' lang='lat' dir='ltr'><strong>suc</strong></span> <span class='ocrx_word' id='word_1_189' title='bbox 677 2593 761 2661; x_wconf 91' lang='lat' dir='ltr'><strong>collo</strong></span> <span class='ocrx_word' id='word_1_190' title='bbox 777 2593 944 2682; x_wconf 88' lang='lat' dir='ltr'><strong>quaedam</strong></span> <span class='ocrx_word' id='word_1_191' title='bbox 960 2594 1092 2678; x_wconf 88' lang='lat' dir='ltr'><strong>extulit,</strong></span> <span class='ocrx_word' id='word_1_192' title='bbox 1117 2615 1299 2661; x_wconf 87' lang='lat' dir='ltr'><strong>aenearum</strong></span> <span class='ocrx_word' id='word_1_193' title='bbox 1313 2593 1507 2661; x_wconf 91' lang='lat' dir='ltr'><strong>tabularum</strong></span> <span class='ocrx_word' id='word_1_194' title='bbox 1590 2597 1592 2604; x_wconf 61' lang='lat'><strong>⁴</strong></span> 
     </span>
     <span class='ocr_line' id='line_1_23' title="bbox 222 2699 1506 2789; baseline 0.001 -24"><span class='ocrx_word' id='word_1_195' title='bbox 222 2700 288 2766; x_wconf 89' lang='lat' dir='ltr'><strong>tria</strong></span> <span class='ocrx_word' id='word_1_196' title='bbox 310 2699 411 2784; x_wconf 86' lang='lat' dir='ltr'><strong>milia,</strong></span> <span class='ocrx_word' id='word_1_197' title='bbox 436 2722 523 2788; x_wconf 89' lang='lat' dir='ltr'><strong>quae</strong></span> <span class='ocrx_word' id='word_1_198' title='bbox 546 2700 646 2768; x_wconf 91' lang='lat' dir='ltr'><strong>simul</strong></span> <span class='ocrx_word' id='word_1_199' title='bbox 669 2702 968 2788; x_wconf 76' lang='lat' dir='ltr'><strong>conflagrauerant,</strong></span> <span class='ocrx_word' id='word_1_200' title='bbox 991 2700 1201 2769; x_wconf 90' lang='lat' dir='ltr'><strong>restituenda</strong></span> <span class='ocrx_word' id='word_1_201' title='bbox 1224 2701 1418 2789; x_wconf 86' lang='lat' dir='ltr'><strong>susciperet,</strong></span> <span class='ocrx_word' id='word_1_202' title='bbox 1442 2721 1506 2766; x_wconf 92' lang='lat' dir='ltr'><strong>un-</strong></span> 
     </span>
     <span class='ocr_line' id='line_1_24' title="bbox 223 2805 1505 2895; baseline 0 -23"><span class='ocrx_word' id='word_1_203' title='bbox 223 2805 322 2893; x_wconf 91' lang='lat' dir='ltr'><strong>dique</strong></span> <span class='ocrx_word' id='word_1_204' title='bbox 356 2807 571 2892; x_wconf 84' lang='lat' dir='ltr'><strong>inuestigatis</strong></span> <span class='ocrx_word' id='word_1_205' title='bbox 606 2807 865 2895; x_wconf 88' lang='lat' dir='ltr'><strong>exemplaribus:</strong></span> <span class='ocrx_word' id='word_1_206' title='bbox 899 2810 1162 2876; x_wconf 85' lang='lat' dir='ltr'><strong>instrumentum</strong></span> <span class='ocrx_word' id='word_1_207' title='bbox 1183 2808 1321 2895; x_wconf 89' lang='lat' dir='ltr'><strong>&#39;imperii</strong></span> <span class='ocrx_word' id='word_1_208' title='bbox 1350 2807 1505 2894; x_wconf 92' lang='lat' dir='ltr'><strong>pulcher-</strong></span> 
     </span>
     <span class='ocr_line' id='line_1_25' title="bbox 222 2913 1505 3003; baseline 0.002 -25"><span class='ocrx_word' id='word_1_209' title='bbox 222 2913 343 2980; x_wconf 90' lang='lat' dir='ltr'><strong>rimum</strong></span> <span class='ocrx_word' id='word_1_210' title='bbox 377 2935 418 2980; x_wconf 93' lang='lat' dir='ltr'><strong>ac</strong></span> <span class='ocrx_word' id='word_1_211' title='bbox 451 2915 730 2999; x_wconf 86' lang='lat' dir='ltr'><strong>uetustissimum,</strong></span> <span class='ocrx_word' id='word_1_212' title='bbox 766 2936 832 3003; x_wconf 92' lang='lat' dir='ltr'><strong>quo</strong></span> <span class='ocrx_word' id='word_1_213' title='bbox 863 2915 1123 2983; x_wconf 84' lang='lat' dir='ltr'><strong>continebantur</strong></span> <span class='ocrx_word' id='word_1_214' title='bbox 1152 2936 1260 3002; x_wconf 90' lang='lat' dir='ltr'><strong>paene</strong></span> <span class='ocrx_word' id='word_1_215' title='bbox 1295 2914 1338 2981; x_wconf 88' lang='lat' dir='ltr'><strong>ab</strong></span> <span class='ocrx_word' id='word_1_216' title='bbox 1371 2914 1505 2981; x_wconf 90' lang='lat' dir='ltr'><strong>exordio</strong></span> 
     </span>
     <span class='ocr_line' id='line_1_26' title="bbox 224 3019 1506 3109; baseline 0.002 -24"><span class='ocrx_word' id='word_1_217' title='bbox 224 3019 315 3086; x_wconf 90' lang='lat' dir='ltr'><strong>urbis</strong></span> <span class='ocrx_word' id='word_1_218' title='bbox 351 3025 492 3088; x_wconf 88' lang='lat' dir='ltr'><strong>senatus</strong></span> <span class='ocrx_word' id='word_1_219' title='bbox 523 3021 687 3105; x_wconf 85' lang='lat' dir='ltr'><strong>consulta,</strong></span> <span class='ocrx_word' id='word_1_220' title='bbox 722 3020 812 3109; x_wconf 90' lang='lat' dir='ltr'><strong>plebi</strong></span> <span class='ocrx_word' id='word_1_221' title='bbox 844 3022 930 3088; x_wconf 86' lang='lat' dir='ltr'><strong>solta</strong></span> <span class='ocrx_word' id='word_1_222' title='bbox 964 3021 1005 3088; x_wconf 91' lang='lat' dir='ltr'><strong>de</strong></span> <span class='ocrx_word' id='word_1_223' title='bbox 1040 3022 1202 3089; x_wconf 89' lang='lat' dir='ltr'><strong>societate</strong></span> <span class='ocrx_word' id='word_1_224' title='bbox 1234 3023 1268 3088; x_wconf 91' lang='lat' dir='ltr'><strong>et</strong></span> <span class='ocrx_word' id='word_1_225' title='bbox 1297 3020 1432 3088; x_wconf 81' lang='lat' dir='ltr'><strong>foedere</strong></span> <span class='ocrx_word' id='word_1_226' title='bbox 1467 3042 1506 3088; x_wconf 88' lang='lat' dir='ltr'><strong>ac</strong></span> 
     </span>
     <span class='ocr_line' id='line_1_27' title="bbox 222 3127 1505 3215; baseline 0.001 -22"><span class='ocrx_word' id='word_1_227' title='bbox 222 3127 394 3213; x_wconf 85' lang='lat' dir='ltr'><strong>priuilegio</strong></span> <span class='ocrx_word' id='word_1_228' title='bbox 425 3129 621 3215; x_wconf 87' lang='lat' dir='ltr'><strong>cuicumque</strong></span> <span class='ocrx_word' id='word_1_229' title='bbox 653 3129 850 3203; x_wconf 82' lang='lat' dir='ltr'><strong>concessis¹‘.</strong></span> <span class='ocrx_word' id='word_1_230' title='bbox 900 3129 950 3195; x_wconf 93' lang='lat' dir='ltr'><strong>De</strong></span> <span class='ocrx_word' id='word_1_231' title='bbox 974 3127 1126 3215; x_wconf 71' lang='lat' dir='ltr'><strong>Capitolii</strong></span> <span class='ocrx_word' id='word_1_232' title='bbox 1156 3129 1260 3215; x_wconf 90' lang='lat' dir='ltr'><strong>ipsius</strong></span> <span class='ocrx_word' id='word_1_233' title='bbox 1291 3128 1505 3195; x_wconf 86' lang='lat' dir='ltr'><strong>restitutione</strong></span> 
     </span>
    </p>
   </div>
   <div class='ocr_carea' id='block_1_7' title="bbox 221 3359 1592 4588">
    <p class='ocr_par' dir='ltr' id='par_1_7' title="bbox 221 3359 1504 3521">
     <span class='ocr_line' id='line_1_28' title="bbox 280 3359 1504 3431; baseline -0.002 -16"><span class='ocrx_word' id='word_1_234' title='bbox 280 3420 286 3431; x_wconf 57' lang='grc'>,</span> <span class='ocrx_word' id='word_1_235' title='bbox 329 3359 349 3430; x_wconf 87' lang='lat'><strong>¹)</strong></span> <span class='ocrx_word' id='word_1_236' title='bbox 370 3361 436 3416; x_wconf 85' lang='lat' dir='ltr'><strong>&#39;lac</strong></span> <span class='ocrx_word' id='word_1_237' title='bbox 456 3360 523 3415; x_wconf 90' lang='lat' dir='ltr'><strong>hist.</strong></span> <span class='ocrx_word' id='word_1_238' title='bbox 542 3361 555 3416; x_wconf 95' lang='lat' dir='ltr'><strong>l</strong></span> <span class='ocrx_word' id='word_1_239' title='bbox 574 3360 600 3417; x_wconf 87' lang='lat'><strong>2.</strong></span> <span class='ocrx_word' id='word_1_240' title='bbox 635 3360 708 3416; x_wconf 85' lang='lat' dir='ltr'><strong>Plin.</strong></span> <span class='ocrx_word' id='word_1_241' title='bbox 726 3377 754 3415; x_wconf 91' lang='lat' dir='ltr'><strong>n.</strong></span> <span class='ocrx_word' id='word_1_242' title='bbox 774 3361 801 3415; x_wconf 90' lang='lat' dir='ltr'><strong>h.</strong></span> <span class='ocrx_word' id='word_1_243' title='bbox 820 3359 923 3416; x_wconf 85' lang='lat' dir='ltr'>XXXV</span> <span class='ocrx_word' id='word_1_244' title='bbox 941 3360 973 3427; x_wconf 78' lang='lat'><strong>83</strong></span> <span class='ocrx_word' id='word_1_245' title='bbox 993 3360 1108 3416; x_wconf 91' lang='lat' dir='ltr'>XXXVI</span> <span class='ocrx_word' id='word_1_246' title='bbox 1128 3359 1187 3416; x_wconf 89' lang='lat'>110.</span> <span class='ocrx_word' id='word_1_247' title='bbox 1218 3360 1300 3416; x_wconf 81' lang='lat' dir='ltr'><strong>Mart.</strong></span> <span class='ocrx_word' id='word_1_248' title='bbox 1320 3359 1345 3412; x_wconf 95' lang='lat' dir='ltr'>V</span> <span class='ocrx_word' id='word_1_249' title='bbox 1363 3360 1389 3415; x_wconf 92' lang='grc'><strong>7.</strong></span> <span class='ocrx_word' id='word_1_250' title='bbox 1428 3360 1504 3415; x_wconf 87' lang='lat' dir='ltr'><strong>Suet.</strong></span> 
     </span>
     <span class='ocr_line' id='line_1_29' title="bbox 221 3447 740 3521; baseline 0.006 -19"><span class='ocrx_word' id='word_1_251' title='bbox 221 3447 305 3519; x_wconf 87' lang='lat' dir='ltr'><strong>Vesp.</strong></span> <span class='ocrx_word' id='word_1_252' title='bbox 323 3449 348 3504; x_wconf 84' lang='grc'><strong>8.</strong></span> <span class='ocrx_word' id='word_1_253' title='bbox 385 3449 479 3504; x_wconf 85' lang='lat' dir='ltr'><strong>Aurei.</strong></span> <span class='ocrx_word' id='word_1_254' title='bbox 499 3449 572 3505; x_wconf 74' lang='lat' dir='ltr'><strong>vict.</strong></span> <span class='ocrx_word' id='word_1_255' title='bbox 592 3449 660 3521; x_wconf 89' lang='lat' dir='ltr'><strong>epit.</strong></span> <span class='ocrx_word' id='word_1_256' title='bbox 678 3450 704 3516; x_wconf 82' lang='grc'><strong>9,</strong></span> <span class='ocrx_word' id='word_1_257' title='bbox 714 3451 740 3505; x_wconf 88' lang='grc'><strong>8.</strong></span> 
     </span>
    </p>

    <p class='ocr_par' dir='ltr' id='par_1_8' title="bbox 223 3536 1503 3698">
     <span class='ocr_line' id='line_1_30' title="bbox 272 3536 1503 3609; baseline 0.001 -16"><span class='ocrx_word' id='word_1_258' title='bbox 272 3593 274 3600; x_wconf 85' lang='grc'>,</span> <span class='ocrx_word' id='word_1_259' title='bbox 328 3537 666 3608; x_wconf 68' lang='grc' dir='ltr'><strong>ς’1Ρ1111.11.11.ΧΠΘ4.</strong></span> <span class='ocrx_word' id='word_1_260' title='bbox 704 3538 781 3594; x_wconf 86' lang='lat' dir='ltr'><strong>Suet.</strong></span> <span class='ocrx_word' id='word_1_261' title='bbox 810 3538 890 3595; x_wconf 81' lang='lat' dir='ltr'><strong>Gelb.</strong></span> <span class='ocrx_word' id='word_1_262' title='bbox 911 3538 935 3593; x_wconf 92' lang='lat'><strong>1.</strong></span> <span class='ocrx_word' id='word_1_263' title='bbox 973 3538 1111 3594; x_wconf 85' lang='lat' dir='ltr'><strong>Gilbert</strong></span> <span class='ocrx_word' id='word_1_264' title='bbox 1138 3538 1156 3594; x_wconf 94' lang='lat' dir='ltr'><strong>l.</strong></span> <span class='ocrx_word' id='word_1_265' title='bbox 1175 3555 1196 3593; x_wconf 91' lang='lat' dir='ltr'><strong>s.</strong></span> <span class='ocrx_word' id='word_1_266' title='bbox 1215 3538 1254 3592; x_wconf 93' lang='lat' dir='ltr'><strong>III</strong></span> <span class='ocrx_word' id='word_1_267' title='bbox 1272 3554 1299 3609; x_wconf 93' lang='lat' dir='ltr'><strong>p.</strong></span> <span class='ocrx_word' id='word_1_268' title='bbox 1320 3536 1372 3592; x_wconf 84' lang='lat'><strong>132</strong></span> <span class='ocrx_word' id='word_1_269' title='bbox 1394 3536 1461 3593; x_wconf 83' lang='lat' dir='ltr'><strong>adn.</strong></span> <span class='ocrx_word' id='word_1_270' title='bbox 1481 3537 1503 3594; x_wconf 90' lang='lat'><strong>1.</strong></span> 
     </span>
     <span class='ocr_line' id='line_1_31' title="bbox 223 3623 576 3698; baseline 0.011 -19"><span class='ocrx_word' id='word_1_271' title='bbox 223 3623 372 3681; x_wconf 87' lang='lat' dir='ltr'><strong>Richter</strong></span> <span class='ocrx_word' id='word_1_272' title='bbox 389 3627 407 3682; x_wconf 91' lang='lat' dir='ltr'><strong>l.</strong></span> <span class='ocrx_word' id='word_1_273' title='bbox 426 3643 449 3683; x_wconf 89' lang='lat' dir='ltr'><strong>s.</strong></span> <span class='ocrx_word' id='word_1_274' title='bbox 468 3644 495 3698; x_wconf 88' lang='lat' dir='ltr'><strong>p.</strong></span> <span class='ocrx_word' id='word_1_275' title='bbox 516 3626 576 3683; x_wconf 86' lang='grc'><strong>153.</strong></span> 
     </span>
    </p>

    <p class='ocr_par' dir='ltr' id='par_1_9' title="bbox 329 3715 711 3788">
     <span class='ocr_line' id='line_1_32' title="bbox 329 3715 711 3788; baseline 0.003 -18"><span class='ocrx_word' id='word_1_276' title='bbox 329 3715 348 3785; x_wconf 75' lang='lat'><strong>⁸)</strong></span> <span class='ocrx_word' id='word_1_277' title='bbox 368 3715 512 3772; x_wconf 81' lang='lat' dir='ltr'><strong>Hannon</strong></span> <span class='ocrx_word' id='word_1_278' title='bbox 529 3716 549 3772; x_wconf 89' lang='lat' dir='ltr'><strong>l.</strong></span> <span class='ocrx_word' id='word_1_279' title='bbox 567 3733 590 3772; x_wconf 86' lang='lat' dir='ltr'><strong>s.</strong></span> <span class='ocrx_word' id='word_1_280' title='bbox 610 3732 637 3788; x_wconf 86' lang='lat' dir='ltr'><strong>p.</strong></span> <span class='ocrx_word' id='word_1_281' title='bbox 655 3715 711 3772; x_wconf 84' lang='lat' dir='ltr'>XC.</span> 
     </span>
    </p>

    <p class='ocr_par' dir='ltr' id='par_1_10' title="bbox 327 3805 1169 3877">
     <span class='ocr_line' id='line_1_33' title="bbox 327 3805 1169 3877; baseline 0 -16"><span class='ocrx_word' id='word_1_282' title='bbox 327 3805 348 3874; x_wconf 69' lang='lat'><strong>⁴)</strong></span> <span class='ocrx_word' id='word_1_283' title='bbox 367 3805 450 3861; x_wconf 88' lang='lat' dir='ltr'><strong>Mart.</strong></span> <span class='ocrx_word' id='word_1_284' title='bbox 468 3806 507 3861; x_wconf 87' lang='lat' dir='ltr'><strong>lv</strong></span> <span class='ocrx_word' id='word_1_285' title='bbox 524 3805 573 3862; x_wconf 79' lang='lat'><strong>53:</strong></span> <span class='ocrx_word' id='word_1_286' title='bbox 593 3806 730 3877; x_wconf 89' lang='lat' dir='ltr'><strong>templum</strong></span> <span class='ocrx_word' id='word_1_287' title='bbox 748 3821 854 3861; x_wconf 87' lang='lat' dir='ltr'><strong>nouum</strong></span> <span class='ocrx_word' id='word_1_288' title='bbox 872 3806 901 3860; x_wconf 93' lang='lat' dir='ltr'><strong>h.</strong></span> <span class='ocrx_word' id='word_1_289' title='bbox 920 3822 944 3861; x_wconf 91' lang='lat' dir='ltr'><strong>e.</strong></span> <span class='ocrx_word' id='word_1_290' title='bbox 963 3806 1021 3861; x_wconf 91' lang='lat' dir='ltr'><strong>diui</strong></span> <span class='ocrx_word' id='word_1_291' title='bbox 1038 3805 1169 3876; x_wconf 80' lang='lat' dir='ltr'><strong>Augusti,</strong></span> 
     </span>
    </p>

    <p class='ocr_par' dir='ltr' id='par_1_11' title="bbox 221 3893 1592 4412">
     <span class='ocr_line' id='line_1_34' title="bbox 329 3893 1592 3972; baseline -0.001 -23"><span class='ocrx_word' id='word_1_292' title='bbox 329 3895 349 3964; x_wconf 65' lang='lat' dir='ltr'><strong>It</strong></span> <span class='ocrx_word' id='word_1_293' title='bbox 369 3894 440 3951; x_wconf 91' lang='lat' dir='ltr'><strong>Plin.</strong></span> <span class='ocrx_word' id='word_1_294' title='bbox 453 3911 481 3951; x_wconf 91' lang='lat' dir='ltr'><strong>n.</strong></span> <span class='ocrx_word' id='word_1_295' title='bbox 494 3896 522 3950; x_wconf 90' lang='lat' dir='ltr'><strong>h.</strong></span> <span class='ocrx_word' id='word_1_296' title='bbox 535 3895 651 3950; x_wconf 89' lang='grc' dir='ltr'>ΧΧΧΙΙΙ</span> <span class='ocrx_word' id='word_1_297' title='bbox 665 3894 725 3952; x_wconf 88' lang='grc'><strong>154.</strong></span> <span class='ocrx_word' id='word_1_298' title='bbox 750 3895 828 3951; x_wconf 79' lang='lat' dir='ltr'><strong>Suet</strong></span> <span class='ocrx_word' id='word_1_299' title='bbox 840 3895 897 3951; x_wconf 90' lang='lat' dir='ltr'><strong>Vit.</strong></span> <span class='ocrx_word' id='word_1_300' title='bbox 912 3893 958 3962; x_wconf 79' lang='lat'><strong>153</strong></span> <span class='ocrx_word' id='word_1_301' title='bbox 977 3895 1059 3950; x_wconf 90' lang='lat' dir='ltr'><strong>Dom.</strong></span> <span class='ocrx_word' id='word_1_302' title='bbox 1074 3893 1097 3949; x_wconf 90' lang='lat' dir='ltr'><strong>l.</strong></span> <span class='ocrx_word' id='word_1_303' title='bbox 1122 3895 1189 3950; x_wconf 78' lang='lat' dir='ltr'><strong>Tac.</strong></span> <span class='ocrx_word' id='word_1_304' title='bbox 1202 3894 1333 3960; x_wconf 81' lang='lat' dir='ltr'><strong>hist.12;</strong></span> <span class='ocrx_word' id='word_1_305' title='bbox 1352 3894 1391 3949; x_wconf 92' lang='lat' dir='ltr'><strong>III</strong></span> <span class='ocrx_word' id='word_1_306' title='bbox 1403 3895 1447 3949; x_wconf 92' lang='grc'><strong>71.</strong></span> <span class='ocrx_word' id='word_1_307' title='bbox 1457 3893 1502 3959; x_wconf 85' lang='grc'><strong>75;</strong></span> <span class='ocrx_word' id='word_1_308' title='bbox 1591 3957 1592 3972; x_wconf 16' lang='grc' dir='ltr'>ἶ</span> 
     </span>
     <span class='ocr_line' id='line_1_35' title="bbox 221 3982 1592 4056; baseline 0.004 -19"><span class='ocrx_word' id='word_1_309' title='bbox 221 3982 315 4038; x_wconf 70' lang='lat' dir='ltr'><strong>iver.</strong></span> <span class='ocrx_word' id='word_1_310' title='bbox 353 3983 406 4038; x_wconf 90' lang='lat' dir='ltr'><strong>Dio</strong></span> <span class='ocrx_word' id='word_1_311' title='bbox 424 3984 500 4040; x_wconf 89' lang='lat' dir='ltr'>LXV</span> <span class='ocrx_word' id='word_1_312' title='bbox 519 3985 561 4041; x_wconf 90' lang='grc'><strong>17.</strong></span> <span class='ocrx_word' id='word_1_313' title='bbox 581 3983 623 4040; x_wconf 91' lang='grc'><strong>18.</strong></span> <span class='ocrx_word' id='word_1_314' title='bbox 660 3982 735 4040; x_wconf 88' lang='lat' dir='ltr'><strong>Plut.</strong></span> <span class='ocrx_word' id='word_1_315' title='bbox 754 3984 834 4056; x_wconf 92' lang='lat' dir='ltr'><strong>Popl.</strong></span> <span class='ocrx_word' id='word_1_316' title='bbox 856 3983 898 4040; x_wconf 88' lang='grc'><strong>15.</strong></span> <span class='ocrx_word' id='word_1_317' title='bbox 934 3984 1029 4040; x_wconf 77' lang='lat' dir='ltr'><strong>Aurei·</strong></span> <span class='ocrx_word' id='word_1_318' title='bbox 1047 3983 1122 4040; x_wconf 82' lang='lat' dir='ltr'><strong>Vlct.</strong></span> <span class='ocrx_word' id='word_1_319' title='bbox 1141 3984 1219 4040; x_wconf 81' lang='lat' dir='ltr'><strong>Caes.</strong></span> <span class='ocrx_word' id='word_1_320' title='bbox 1238 3983 1307 4050; x_wconf 88' lang='grc'><strong>8,5;</strong></span> <span class='ocrx_word' id='word_1_321' title='bbox 1326 3984 1352 4051; x_wconf 87' lang='grc'><strong>9,</strong></span> <span class='ocrx_word' id='word_1_322' title='bbox 1362 3983 1388 4039; x_wconf 92' lang='grc'><strong>7.</strong></span> <span class='ocrx_word' id='word_1_323' title='bbox 1426 3984 1503 4039; x_wconf 89' lang='lat' dir='ltr'><strong>Oros.</strong></span> <span class='ocrx_word' id='word_1_324' title='bbox 1591 4019 1592 4042; x_wconf 76' lang='lat'>1</span> 
     </span>
     <span class='ocr_line' id='line_1_36' title="bbox 222 4071 1502 4145; baseline -0.003 -16"><span class='ocrx_word' id='word_1_325' title='bbox 222 4071 346 4139; x_wconf 79' lang='lat' dir='ltr'><strong>vuar.</strong></span> <span class='ocrx_word' id='word_1_326' title='bbox 374 4072 506 4129; x_wconf 85' lang='lat' dir='ltr'><strong>Philostr.</strong></span> <span class='ocrx_word' id='word_1_327' title='bbox 519 4072 611 4145; x_wconf 83' lang='lat' dir='ltr'><strong>Apoll.</strong></span> <span class='ocrx_word' id='word_1_328' title='bbox 631 4073 698 4144; x_wconf 86' lang='lat' dir='ltr'><strong>epit.</strong></span> <span class='ocrx_word' id='word_1_329' title='bbox 715 4071 788 4140; x_wconf 81' lang='lat'><strong>5‚30</strong></span> <span class='ocrx_word' id='word_1_330' title='bbox 806 4072 850 4130; x_wconf 89' lang='lat' dir='ltr'><strong>ed.</strong></span> <span class='ocrx_word' id='word_1_331' title='bbox 869 4073 956 4145; x_wconf 83' lang='lat' dir='ltr'><strong>Kays.</strong></span> <span class='ocrx_word' id='word_1_332' title='bbox 984 4073 1098 4128; x_wconf 86' lang='lat' dir='ltr'><strong>HIeron.</strong></span> <span class='ocrx_word' id='word_1_333' title='bbox 1117 4089 1144 4128; x_wconf 88' lang='lat' dir='ltr'><strong>a.</strong></span> <span class='ocrx_word' id='word_1_334' title='bbox 1162 4073 1228 4129; x_wconf 82' lang='lat' dir='ltr'><strong>Abr.</strong></span> <span class='ocrx_word' id='word_1_335' title='bbox 1241 4071 1321 4128; x_wconf 85' lang='grc'><strong>2086.</strong></span> <span class='ocrx_word' id='word_1_336' title='bbox 1350 4072 1425 4129; x_wconf 73' lang='lat' dir='ltr'><strong>sat</strong></span> <span class='ocrx_word' id='word_1_337' title='bbox 1443 4071 1502 4127; x_wconf 89' lang='lat' dir='ltr'><strong>silu.</strong></span> 
     </span>
     <span class='ocr_line' id='line_1_37' title="bbox 221 4160 1592 4234; baseline 0 -18"><span class='ocrx_word' id='word_1_338' title='bbox 221 4160 348 4230; x_wconf 58' lang='grc'><strong>,75195</strong></span> <span class='ocrx_word' id='word_1_339' title='bbox 368 4161 417 4232; x_wconf 92' lang='lat' dir='ltr'><strong>qui</strong></span> <span class='ocrx_word' id='word_1_340' title='bbox 433 4161 539 4218; x_wconf 88' lang='lat' dir='ltr'><strong>bellum</strong></span> <span class='ocrx_word' id='word_1_341' title='bbox 550 4161 737 4217; x_wconf 77' lang='lat' dir='ltr'><strong>Vibellianum</strong></span> <span class='ocrx_word' id='word_1_342' title='bbox 753 4162 881 4218; x_wconf 87' lang='lat' dir='ltr'><strong>uersibus</strong></span> <span class='ocrx_word' id='word_1_343' title='bbox 900 4161 1095 4233; x_wconf 82' lang='lat' dir='ltr'><strong>descripserat,</strong></span> <span class='ocrx_word' id='word_1_344' title='bbox 1115 4178 1171 4234; x_wconf 93' lang='lat' dir='ltr'><strong>quo</strong></span> <span class='ocrx_word' id='word_1_345' title='bbox 1190 4162 1261 4218; x_wconf 90' lang='lat' dir='ltr'><strong>libro</strong></span> <span class='ocrx_word' id='word_1_346' title='bbox 1274 4161 1447 4231; x_wconf 81' lang='lat' dir='ltr'><strong>GapItolium</strong></span> <span class='ocrx_word' id='word_1_347' title='bbox 1464 4161 1504 4215; x_wconf 92' lang='lat' dir='ltr'><strong>in·</strong></span> <span class='ocrx_word' id='word_1_348' title='bbox 1591 4169 1592 4176; x_wconf 76' lang='grc'>’</span> 
     </span>
     <span class='ocr_line' id='line_1_38' title="bbox 222 4245 1592 4323; baseline 0 -18"><span class='ocrx_word' id='word_1_349' title='bbox 222 4265 337 4318; x_wconf 83' lang='lat' dir='ltr'><strong>censum</strong></span> <span class='ocrx_word' id='word_1_350' title='bbox 355 4251 495 4307; x_wconf 89' lang='lat' dir='ltr'><strong>uberrime</strong></span> <span class='ocrx_word' id='word_1_351' title='bbox 513 4252 678 4323; x_wconf 86' lang='lat' dir='ltr'><strong>exposuisse</strong></span> <span class='ocrx_word' id='word_1_352' title='bbox 699 4254 787 4322; x_wconf 86' lang='lat' dir='ltr'><strong>atque</strong></span> <span class='ocrx_word' id='word_1_353' title='bbox 809 4252 917 4307; x_wconf 83' lang='lat' dir='ltr'><strong>Lucani</strong></span> <span class='ocrx_word' id='word_1_354' title='bbox 934 4251 1043 4317; x_wconf 86' lang='lat' dir='ltr'><strong>librum,</strong></span> <span class='ocrx_word' id='word_1_355' title='bbox 1065 4251 1113 4323; x_wconf 90' lang='lat' dir='ltr'><strong>qni</strong></span> <span class='ocrx_word' id='word_1_356' title='bbox 1130 4251 1290 4307; x_wconf 87' lang='lat' dir='ltr'><strong>inscribitur</strong></span> <span class='ocrx_word' id='word_1_357' title='bbox 1307 4251 1502 4307; x_wconf 89' lang='lat' dir='ltr'><strong>incendium</strong></span> <span class='ocrx_word' id='word_1_358' title='bbox 1591 4245 1592 4248; x_wconf 65' lang='grc'>’</span> 
     </span>
     <span class='ocr_line' id='line_1_39' title="bbox 221 4339 1502 4412; baseline 0 -18"><span class='ocrx_word' id='word_1_359' title='bbox 221 4339 343 4405; x_wconf 83' lang='lat' dir='ltr'><strong>Vrbis,</strong></span> <span class='ocrx_word' id='word_1_360' title='bbox 362 4340 400 4395; x_wconf 84' lang='lat' dir='ltr'><strong>ad</strong></span> <span class='ocrx_word' id='word_1_361' title='bbox 417 4340 587 4396; x_wconf 88' lang='lat' dir='ltr'><strong>imitandum</strong></span> <span class='ocrx_word' id='word_1_362' title='bbox 605 4340 659 4396; x_wconf 89' lang='lat' dir='ltr'><strong>sibi</strong></span> <span class='ocrx_word' id='word_1_363' title='bbox 676 4340 790 4396; x_wconf 75' lang='lat' dir='ltr'><strong>indetur</strong></span> <span class='ocrx_word' id='word_1_364' title='bbox 807 4341 997 4412; x_wconf 88' lang='lat' dir='ltr'><strong>proposuisse.</strong></span> <span class='ocrx_word' id='word_1_365' title='bbox 1017 4341 1086 4396; x_wconf 78' lang='lat' dir='ltr'><strong>conf</strong></span> <span class='ocrx_word' id='word_1_366' title='bbox 1102 4340 1262 4396; x_wconf 90' lang='lat' dir='ltr'><strong>Vollmer</strong></span> <span class='ocrx_word' id='word_1_367' title='bbox 1279 4341 1317 4396; x_wconf 88' lang='lat' dir='ltr'><strong>ad</strong></span> <span class='ocrx_word' id='word_1_368' title='bbox 1334 4340 1409 4397; x_wconf 87' lang='lat' dir='ltr'><strong>Stat.</strong></span> <span class='ocrx_word' id='word_1_369' title='bbox 1421 4339 1502 4397; x_wconf 91' lang='lat' dir='ltr'><strong>l.s.s.</strong></span> 
     </span>
    </p>

    <p class='ocr_par' dir='ltr' id='par_1_12' title="bbox 327 4429 632 4499">
     <span class='ocr_line' id='line_1_40' title="bbox 327 4429 632 4499; baseline 0 -15"><span class='ocrx_word' id='word_1_370' title='bbox 327 4429 346 4499; x_wconf 66' lang='lat' dir='ltr'><strong>‘t</strong></span> <span class='ocrx_word' id='word_1_371' title='bbox 367 4429 433 4484; x_wconf 81' lang='lat' dir='ltr'><strong>Tac.</strong></span> <span class='ocrx_word' id='word_1_372' title='bbox 453 4429 518 4484; x_wconf 88' lang='lat' dir='ltr'><strong>hist.</strong></span> <span class='ocrx_word' id='word_1_373' title='bbox 537 4429 576 4484; x_wconf 92' lang='lat' dir='ltr'><strong>III</strong></span> <span class='ocrx_word' id='word_1_374' title='bbox 588 4430 632 4484; x_wconf 95' lang='grc'><strong>71.</strong></span> 
     </span>
    </p>

    <p class='ocr_par' dir='ltr' id='par_1_13' title="bbox 327 4517 593 4588">
     <span class='ocr_line' id='line_1_41' title="bbox 327 4517 593 4588; baseline 0.004 -16"><span class='ocrx_word' id='word_1_375' title='bbox 327 4517 348 4587; x_wconf 71' lang='lat'><strong>²)</strong></span> <span class='ocrx_word' id='word_1_376' title='bbox 367 4518 444 4573; x_wconf 89' lang='lat' dir='ltr'><strong>Suet.</strong></span> <span class='ocrx_word' id='word_1_377' title='bbox 464 4517 548 4588; x_wconf 88' lang='lat' dir='ltr'><strong>Vesp.</strong></span> <span class='ocrx_word' id='word_1_378' title='bbox 566 4518 593 4573; x_wconf 86' lang='grc'><strong>8.</strong></span> 
     </span>
    </p>
   </div>
   <div class='ocr_carea' id='block_1_8' title="bbox 0 0 1608 4992">
    <p class='ocr_par' dir='ltr' id='par_1_14' title="bbox 0 0 1608 4992">
     <span class='ocr_line' id='line_1_42' title="bbox 0 0 1608 4992; baseline 0 0"><span class='ocrx_word' id='word_1_379' title='bbox 0 0 1608 4992; x_wconf 95' lang='lat' dir='ltr'><strong> </strong></span> 
     </span>
    </p>
   </div>
  </div>
 </body>
</html>
