3208 4992
591 289 815 356 ,69-

67 468 179 555 delpho
205 471 242 536 et
265 467 430 550 Euergete
445 467 460 532 I
474 467 608 552 regibus
625 465 803 552 uiuehat,1)
819 465 914 532 cuius
931 485 952 531 a
967 463 1101 531 nomine
1117 462 1175 530 illa
1189 461 1346 532 machina

66 574 228 643 Ctesibica
262 573 443 658 dicebatur,
478 594 683 661 quamquam
716 575 837 660 postea
869 573 1004 640 mutata
1038 574 1141 657 atque
1165 569 1346 638 emendata

66 685 120 750 est
165 681 423 768 Descripsenmt
452 683 567 750 autem
594 680 769 768 siphonem
792 678 939 766 Heron¹l
962 680 998 746 et
1019 676 1228 760 Vitruuius.”)
1274 675 1346 746 Hoc

65 789 129 876 ipso
160 787 237 856 loco
268 788 369 856 liceat
399 788 481 855 mihi
511 807 768 856 commemorare
798 785 999 868 machinam,
1031 805 1117 872 quae
1149 783 1266 850 similis
1293 787 1347 850 est

64 895 106 961 illi
134 896 179 962 ab
216 895 350 962 Herone
380 893 568 982 descriptae
599 896 635 962 et
667 894 811 962 fortasse
844 892 1016 960 Antonino
1050 891 1111 959 Pio
1145 891 1345 978 imperatore

64 1000 149 1070 iacta
181 1006 246 1088 est,
279 1023 369 1068 anno
401 1002 488 1070 1795
519 1000 563 1068 ad
588 1000 781 1070 Ghiaruccia
810 1021 880 1068 non
909 998 1023 1087 procul
1053 1019 1075 1064 a
1097 997 1346 1068 Civitavecchia

58 1110 218 1176 effossam
254 1130 338 1193 esse,
374 1129 461 1196 quae
496 1107 664 1196 descripta
698 1111 751 1176 est
783 1107 820 1173 in
852 1105 1008 1176 Giornalo
1036 1105 1124 1174 della
1144 1105 1346 1174 letteratura

63 1215 201 1286 italiana
223 1215 256 1280 V
283 1214 367 1282 1795
390 1236 421 1303 p.
445 1215 657 1298 303-307.⁴l
702 1214 752 1282 Ac
774 1235 818 1281 ne
840 1214 923 1282 illud
946 1212 1080 1301 quidem
1102 1211 1345 1297 neglegendum

64 1326 110 1389 est
138 1323 224 1392 item
248 1323 449 1400 machinam,
474 1343 561 1410 quae
585 1321 807 1390 Vitruuianae
830 1321 946 1388 similis
970 1323 1031 1404 est,
1054 1320 1180 1388 factam
1203 1339 1246 1386 ex
1267 1339 1345 1386 aere

63 1432 226 1516 repertam
258 1451 332 1497 esse
364 1433 508 1499 exeunte
540 1427 673 1496 sacerdo
705 1428 855 1515 proximo
878 1427 1048 1513 Volsiniis,
1081 1447 1167 1514 quae
1197 1427 1345 1494 nuncin

62 1557 172 1604 museo
200 1537 394 1604 BrItannicc
425 1539 479 1606 est
509 1535 749 1622 conseruatal)
796 1535 927 1620 Restat,
958 1537 998 1600 ut
1028 1534 1227 1602 admoneam
1255 1553 1345 1600 anno

65 1643 143 1712 1995
168 1643 353 1712 Silchester
374 1644 410 1710 in
432 1643 515 1711 urbe
531 1642 762 1730 Britanniae⁶)
787 1644 822 1709 et
842 1642 1030 1729 nuperrime
1046 1641 1090 1708 ad
1104 1639 1344 1724 Diuodurum⁷l

62 1749 217 1839 reliquias
241 1750 379 1819 alterius
402 1749 588 1835 machinae,
612 1771 700 1837 quae
723 1753 777 1818 est
800 1748 916 1818 similis
933 1747 1123 1816 aVitruuio
1147 1746 1344 1834 descriptae,

63 1856 205 1926 effossas
229 1878 312 1927 esse.

163 1963 233 2032 Sed
266 1963 366 2032 redeo
401 1963 445 2032 ad
478 1985 556 2036 rem
609 1963 787 2032 Vitruuius
817 1963 919 2048 igitur
950 1961 1125 2048 descripsit
1153 1960 1345 2030 machinam

61 2072 286 2154 recentiorem,
311 2092 399 2160 quae
416 2071 590 2158 aliquanto
607 2074 660 2140 ost
674 2070 783 2154 magis
800 2067 982 2136 emendata
996 2069 1226 2156 Heroniana⁸)
1257 2067 1346 2136 Sunt

62 2181 173 2246 antem
199 2179 256 2266 qui
277 2178 342 2246 hac
364 2179 400 2245 in
422 2199 458 2248 re
474 2178 686 2261 discendant
709 2175 806 2244 uelut
828 2174 1118 2262 Schneider,⁹)
1141 2175 1199 2262 qui
1214 2175 1346 2263 scripsit

63 2282 159 2354 hooc:
192 2285 294 2352 ‘Hero
325 2288 441 2354 autem
463 2285 535 2374 ipso
559 2283 750 2351 machinam
773 2304 795 2350 a
817 2283 977 2366 magistro
1002 2280 1147 2349 Ctesibio
1170 2282 1345 2350 inuentam

62 2391 257 2460 emendasse
294 2395 329 2460 et
363 2390 407 2458 ad
437 2412 537 2458 usum
569 2389 798 2458 incendiorum
827 2387 1142 2473 restinguendomm
1174 2387 1345 2475 publicum

62 2498 330 2566 accommodasse
361 2500 463 2586 atque
493 2496 720 2566 introduxisse
750 2496 894 2580 uidetur,
925 2516 1024 2584 quem
1046 2495 1221 2562 Vltruuius
1244 2494 1344 2581 plano

61 2604 231 2688 ignorasse
265 2605 408 2689 uidetur,
444 2625 520 2671 cum
556 2605 713 2673 notitiam
746 2604 923 2672 machinae
958 2601 1170 2671 Otesihianae
1209 2600 1344 2670 aliunde

63 2712 261 2780 translatam
299 2710 500 2779 describeret
536 2712 572 2778 in
610 2711 763 2798 partibus
798 2710 926 2797 aliquot
961 2709 1129 2778 diuersam
1164 2711 1199 2775 et
1231 2709 1343 2776 minus

63 2818 285 2903 emendatam,
317 2818 383 2886 nisi
414 2819 488 2905 quis
511 2817 658 2886 Vitruuii
689 2838 777 2884 error
807 2816 1046 2884 intercesserit'
1094 2814 1189 2898 Quod
1218 2814 1344 2884 falsum

63 2943 130 2992 esse
165 2925 223 2992 uel
256 2924 335 2994 inde
368 2928 475 3012 patet,
507 2923 597 3013 quod
629 2925 787 2992 machina
815 2923 1019 2992 Vitruuiana
1049 2922 1198 3006 catinum
1228 2922 1343 3006 habet,

166 3173 186 3244 ²l
206 3173 404 3239 Susemihl,
423 3174 496 3230 alex.
515 3172 664 3230 literatl
691 3189 718 3244 p.
738 3172 800 3228 791.
837 3171 970 3239 Christ,
998 3171 1103 3242 griech.
1131 3171 1247 3228 hiterat.
1274 3170 1344 3228 1905

165 3351 185 3422 ¹)
204 3351 307 3408 Heron.
326 3367 439 3424 pnsum.
458 3352 519 3408 128
531 3352 575 3407 ed.
589 3351 683 3407 Schm.
711 3350 791 3406 Hanc
813 3349 975 3406 machinam
987 3349 1168 3404 adumbrauit
1179 3348 1343 3404 Schmidt

62 3439 76 3494 l.
93 3457 114 3497 s.
133 3440 192 3496 uol.
211 3441 224 3496 1
242 3457 270 3512 p.
291 3441 350 3497 139.

166 3529 185 3600 ⁸)
203 3529 313 3587 lhtrun.
331 3530 350 3585 l.
369 3546 392 3586 s.
411 3547 434 3586 s.
470 3530 717 3587 Adumbrauernnt
735 3532 810 3586 hanc
828 3527 991 3584 machinam
1010 3526 1128 3583 Smith
1146 3526 1164 3582 l.
1177 3543 1200 3583 s.
1212 3527 1238 3581 1⁸
1249 3543 1276 3597 p.
1289 3525 1344 3582 570

62 3621 88 3674 et
104 3618 297 3689 Magistris
315 3619 332 3674 l.
352 3636 373 3674 s.
392 3635 415 3675 s.

164 3709 184 3779 ‘l
203 3708 285 3764 Hanc
303 3708 520 3781 descriptionem
539 3709 691 3764 maximam
703 3709 816 3780 partem
833 3706 997 3764 Schmidt
1013 3705 1043 3761 in
1056 3705 1098 3762 ed.
1112 3705 1216 3762 Heron.
1229 3719 1343 3775 pnsum.

62 3799 111 3853 nol.
130 3797 145 3854 1
156 3814 184 3871 p.
196 3797 313 3854 XXXIII
325 3797 479 3870 exscripsit
509 3797 672 3854 Machinam
684 3797 925 3854 adumbronerunt
937 3795 1098 3852 Schmidt
1109 3796 1127 3851 l.
1140 3811 1162 3852 s.
1175 3795 1188 3849 l
1200 3812 1228 3867 p.
1240 3793 1343 3850 XXXV

61 3884 126 3958 1188.
145 3886 217 3943 291.
236 3885 306 3942 295.
344 3885 968 3959 8111111.ε.ε.11981ε11181.ε.8.91.

163 3976 184 4047 ³)
203 3977 387 4048 Magistrls
405 3977 423 4032 l.
443 3993 466 4032 s.
484 3993 508 4032 s.
981 4047 982 4050 Ἴ

164 4065 185 4136 ⁶)
205 4066 354 4137 Reliquiae
381 4065 464 4122 holus
492 4065 642 4122 machinae
669 4064 795 4120 eflossae
823 4067 891 4120 sunt
918 4063 1078 4134 descriptae
1098 4061 1128 4116 in
1145 4061 1342 4132 ArcheologIa,

63 4153 205 4223 published
214 4155 252 4227 by
261 4155 313 4210 the
322 4155 433 4227 society
443 4154 476 4210 oi
484 4153 665 4226 Antiquaries
675 4153 708 4209 oi
715 4153 835 4210 hondou
849 4153 920 4209 1896
931 4152 988 4208 nol.
998 4151 1033 4208 55
1045 4151 1142 4224 partl
1154 4167 1182 4224 p.
1191 4149 1342 4207 232-234.

62 4240 245 4299 Adurnbranit
263 4243 396 4316 rehanas
414 4243 605 4316 Magistris
622 4243 641 4300 l.
660 4260 682 4298 s.
702 4260 729 4315 p.
747 4241 784 4298 92
802 4258 844 4314 sq.

163 4333 182 4404 ⁷)
202 4333 317 4389 Franks.
337 4333 426 4404 Zeitg.
444 4334 467 4389 h
487 4331 558 4388 1905
576 4349 614 4389 no
632 4332 738 4388 3201.
775 4330 979 4388 Woohenschr.
998 4329 1019 4386 1.
1037 4330 1125 4388 klass.
1137 4327 1239 4386 Philol.
1252 4327 1342 4384 XXIII

64 4418 128 4480 1906
145 4438 183 4478 no
202 4423 220 4479 4
237 4439 264 4495 p.
285 4421 344 4478 110.

165 4512 185 4583 ⁸)
204 4510 272 4568 cont
288 4529 364 4568 nunc
383 4510 471 4568 etiam
488 4510 523 4566 R.
541 4510 663 4578 Meier,
682 4509 718 4566 dc
739 4509 859 4566 Heronis
877 4511 981 4575 aetate,
1000 4505 1237 4580 diss.hips.1905
1255 4524 1282 4578 p.
1295 4505 1340 4562 36.

164 4601 184 4672 11
203 4600 401 4657 Schneider
418 4601 437 4656 l.
456 4617 477 4656 s.
497 4617 524 4672 p.
542 4599 604 4656 994.
