3208 4992
757 244 976 310 „22-

225 422 368 492 Sextiles
390 424 587 510 principium
609 422 753 490 incendii
776 421 877 488 huius
901 425 1020 506 ortum,
1046 442 1110 507 quo
1135 423 1171 489 et
1193 419 1342 488 Senones
1375 422 1509 508 captam

221 530 342 610 ‚urbem
363 529 658 596 inflammauerint.
686 529 743 598 alii
766 550 805 596 eo
829 549 937 616 usque
960 549 1040 595 cura
1062 528 1227 615 progressi
1250 530 1340 614 sunt,
1365 530 1405 593 ut
1426 527 1510 595 toti-

225 635 301 705 dem
324 658 433 714 annos
448 657 648 723 mensesque
672 640 708 704 et
724 636 795 703 dies
818 637 907 704 inter
929 638 1072 722 utraque
1095 634 1250 704 incendia
1272 635 1511 720 numeranda

226 743 293 810 Sed
309 743 374 810 hae
386 765 497 828 nugae
513 745 638 812 merael
663 742 751 828 „Vbi
765 764 825 830 per
839 743 1046 827 tabernas,
1072 742 1194 830 quibus
1209 740 1244 808 id
1258 742 1510 808 mercimonium

225 852 344 937 inerat,
379 872 445 938 quo
468 852 606 918 flamma
628 850 738 935 alitur,
771 851 870 918 stmul
903 853 1043 937 coeptus
1065 849 1154 934 ignis
1178 852 1213 915 et
1236 849 1353 916 statim
1377 847 1513 915 ualidus

225 979 266 1025 ao
287 961 391 1026 uento
415 959 501 1026 citus
523 956 767 1042 longitudinem
799 957 877 1024 circi
906 957 1073 1043 corripuit.
1119 956 1235 1045 Neque
1271 957 1359 1023 enim
1391 956 1512 1022 domus

225 1065 444 1134 munimentis
467 1068 607 1152 saeptae
630 1065 686 1134 uel
701 1063 828 1151 templa
850 1064 953 1132 muris
978 1066 1088 1130 cincta
1111 1065 1172 1130 aut
1187 1062 1267 1150 quid
1290 1062 1382 1129 aliud
1396 1083 1511 1129 morae

225 1172 454 1240 interiacebat
493 1171 625 1258 Impetu
643 1174 866 1258 peruagatum
889 1170 1080 1238 incendium
1095 1169 1199 1256 plana
1213 1170 1365 1256 primum,
1391 1167 1512 1244 deinde

226 1280 262 1346 in
285 1277 376 1345 edIta
398 1299 578 1362 assurgens
611 1280 646 1345 et
668 1299 783 1344 rursus
806 1277 961 1344 inferiora
991 1276 1183 1365 populando
1214 1276 1334 1344 anteiit
1363 1275 1512 1344 remedia

226 1384 407 1454 uelocitate
436 1383 516 1451 mali
547 1387 582 1452 et
612 1385 759 1453 obnoxia
789 1384 871 1452 urbe
902 1385 984 1450 artis
1006 1383 1182 1452 itineribus
1204 1383 1336 1470 hucque
1368 1385 1404 1450 et
1434 1381 1512 1450 illuc

226 1492 327 1559 flexis
350 1494 464 1579 atque,
477 1492 669 1559 enormibus
692 1491 786 1574 uicis,
815 1489 924 1578 qualis
947 1493 1047 1558 uetus
1070 1489 1179 1558 Roma
1200 1489 1331 1574 ruitae
1377 1489 1513 1557 Oirous

227 1599 425 1668 maximus
446 1599 549 1684 igitur
571 1601 665 1668 totus
680 1597 750 1666 iere
765 1598 912 1666 flammis
928 1598 1073 1664 haustus
1089 1600 1151 1681 est,
1176 1618 1276 1684 quem
1291 1597 1410 1684 Nerei)
1433 1617 1513 1662 mox

227 1704 354 1790 refecit,
378 1726 460 1772 nam
482 1707 643 1792 quattuor
666 1705 765 1772 annis
787 1707 865 1791 post
879 1725 939 1792 per
952 1704 1047 1772 illum
1063 1704 1183 1772 circum
1206 1725 1304 1770 curru
1318 1701 1511 1789 triumphali

228 1818 347 1880 nectus
380 1812 525 1885 obelisco
549 1813 724 1900 Aegyptio,
755 1813 812 1900 qui
845 1814 918 1878 erat
947 1811 1017 1895 igni
1046 1811 1206 1895 intactae,
1235 1831 1349 1877 sacras
1372 1830 1515 1876 coronas

229 1920 427 2006 imposuit.⁴)
463 1920 612 2006 Itemque
636 1918 844 2004 templum
868 1917 1071 1986 Herculis
1095 1918 1263 1986 Inuicti
1286 1917 1336 1984 ad
1353 1917 1514 1984 circum

228 2028 457 2094 maximum
494 2026 565 2109 igni
603 2025 813 2110 deflagrauit,
853 2024 943 2112 quod
980 2027 1090 2112 ipsum
1128 2045 1260 2112 quoque
1299 2024 1400 2111 paulo
1434 2026 1516 2110 post

228 2134 423 2202 restitutum
461 2135 522 2200 eet.
579 2131 753 2213 Quatenus
797 2134 912 2200 autem
949 2132 1116 2219 templa
1154 2131 1326 2199 Cereris
1364 2129 1517 2198 Liberi

229 2239 518 2326 Liberaeque,
547 2238 745 2323 Mercuri,
769 2238 970 2322 Veneria,
995 2238 1230 2322 Summani,
1257 2237 1515 2304 quentatis

228 2345 384 2422 incendio
409 2346 478 2412 sint
500 2344 604 2428 laesa,
627 2345 711 2413 nihil
734 2345 815 2413 certi
838 2345 1036 2433 accepimus.

337 2454 367 2522 A
398 2454 482 2520 circo
513 2453 659 2520 maximo
693 2455 832 2520 uastum
865 2452 1055 2520 incendium
1089 2473 1147 2539 per
1181 2451 1278 2519 fora
1312 2451 1513 2518 boarium

231 2563 362 2645 atque
386 2559 646 2628 holitorium
667 2561 827 2646 peruasit,
854 2557 891 2626 id
912 2559 1002 2648 quod
1024 2558 1181 2628 facillime
1204 2558 1278 2626 lieri
1292 2559 1413 2645 potuit,
1438 2577 1515 2624 oum

230 2667 288 2736 illa
310 2667 384 2735 fora
407 2666 560 2736 similiter
581 2688 623 2734 ac
636 2666 746 2734 iorum
760 2665 952 2734 Romanum
974 2666 1088 2734 multis
1111 2666 1261 2734 tabernis
1278 2664 1515 2733 circumclude·

231 2778 356 2842 rentur.
402 2772 446 2842 Et
468 2775 627 2860 quoniam
649 2773 834 2840 altissimae
857 2771 988 2840 insulae
1012 2772 1056 2839 ad
1079 2772 1207 2839 Tiberis
1237 2772 1385 2840 fluminis
1407 2772 1516 2859 ripam

230 2879 494 2969 porrigebantur,
524 2880 612 2964 ignis
642 2901 775 2968 quoque
805 2901 913 2967 usque
944 2878 988 2948 ad
1018 2879 1163 2947 Tiberim
1193 2879 1323 2946 flumen
1350 2879 1481 2966 serpsit,
1489 2877 1517 2964 ὃ)

232 2986 344 3075 quoad
377 2987 518 3054 flumine
551 2985 705 3054 incendio
740 2986 819 3053 finis
857 2986 969 3054 iactus
1004 2989 1065 3053 est.
1123 2985 1232 3067 Quid?
1284 2984 1517 3070 Lignariorum

232 3116 344 3164 nonne
358 3095 495 3178 horreie,
519 3114 606 3182 quae
630 3094 694 3162 sub
716 3093 940 3166 Auentino
964 3098 1109 3161 monte
1133 3094 1201 3160 sita
1225 3095 1331 3178 erant,
1355 3093 1517 3160 flammae

233 3201 433 3271 alebantur?
486 3200 698 3286 Templorum
737 3203 861 3286 autem,
905 3222 992 3288 quae
1027 3199 1135 3266 multa
1169 3200 1224 3267 hio
1257 3200 1368 3287 posita
1407 3201 1515 3284 erant,

232 3307 314 3376 illud
336 3307 530 3395 Lunae,⁰)
565 3307 654 3396 quod
687 3308 724 3376 in
758 3307 903 3376 maxtme
927 3306 1182 3394 septentrionali
1204 3307 1368 3374 Auentini
1391 3305 1518 3374 montIS

342 3466 361 3537 ²)
381 3468 446 3523 Tac.
466 3483 532 3522 aun.
550 3467 658 3522 XV41.
695 3468 738 3522 De
764 3467 819 3522 illis
841 3467 1006 3522 ratiunculis
1030 3465 1097 3522 coni
1114 3466 1271 3532 Rittcr,
1300 3466 1351 3522 das
1369 3465 1450 3521 Alter
1469 3465 1520 3520 der

234 3557 319 3613 Stadt
336 3556 410 3612 Rom
427 3555 503 3612 nach
523 3555 571 3610 der
589 3555 778 3625 Bereobnung
797 3555 847 3612 des
865 3557 986 3624 Quintus
1003 3555 1112 3612 Ennius
1135 3556 1193 3611 und
1212 3555 1258 3612 die
1275 3554 1415 3612 tininebn
1433 3553 1518 3610 Alba-

233 3645 351 3702 nischen
369 3645 479 3716 Kangc
501 3661 554 3700 vor
575 3644 728 3716 Ilrbauung
750 3645 848 3711 Rome,
866 3645 920 3702 Rh.
939 3647 976 3702 Μ.
995 3645 1021 3700 ΙΙ
1042 3645 1112 3702 1843
1130 3662 1157 3716 p.
1170 3644 1234 3701 494.
1271 3645 1344 3702 Gro
1355 3643 1470 3700 telen
1481 3644 1518 3709 d,

234 3734 388 3800 Miscellen,
406 3733 460 3790 Rh.
473 3735 510 3789 Μ.
522 3734 560 3788 ΙΠ
580 3733 649 3788 1845
667 3751 695 3806 p.
710 3733 769 3790 152.
790 3735 850 3792 153.

342 3823 361 3893 'l
380 3821 446 3878 Tac.
465 3839 530 3880 ann.
549 3821 656 3881 XVBB.

342 3913 361 3982 ³)
380 3911 557 3978 Bunsen,
584 3911 748 3968 Bescbreib.
773 3912 822 3970 der
849 3913 934 3968 Stadt
962 3913 1035 3970 Rom
1054 3912 1120 3970 1111
1140 3929 1168 3984 p.
1181 3911 1217 3968 93
1235 3912 1388 3968 Traianum
1413 3910 1519 3968 circum

234 4001 371 4060 refecisse
389 4017 482 4060 errore
500 4004 593 4072 putat.

341 4089 363 4160 ‘l
381 4089 459 4146 Suet.
477 4089 552 4146 Nero
570 4090 614 4146 25.
649 4090 704 4148 Dio
722 4090 813 4150 LXIII
826 4089 895 4156 20,1
909 4107 951 4164 sq.

342 4180 364 4250 q
382 4179 439 4238 iam
458 4195 534 4237 anno
554 4179 649 4236 CXCII
673 4195 699 4238 a.
719 4180 747 4237 G.
766 4197 794 4236 n.
819 4195 854 4239 eo
878 4196 968 4252 usque
992 4179 1066 4250 ignis
1089 4181 1254 4252 peruaserat
1270 4179 1340 4249 thiu.
1353 4177 1456 4234 XXXV
1464 4177 1519 4247 40).

343 4269 363 4340 ⁶)
382 4283 441 4326 non
468 4285 585 4340 possum
612 4269 708 4326 iacere
735 4286 800 4326 cum
827 4269 1008 4335 Gilberto,
1038 4269 1086 4340 qui
1103 4268 1121 4326 l.
1140 4285 1163 4326 s.
1179 4268 1219 4326 III
1232 4285 1259 4340 p.
1272 4267 1308 4324 35
1326 4267 1391 4326 adn.
1406 4268 1430 4322 1.
1450 4266 1521 4324 dicit

236 4357 371 4429 templum
390 4357 497 4424 Lunae,
516 4359 597 4416 cuius
616 4359 683 4416 Tac.
696 4375 762 4416 ann.
774 4359 826 4416 XV
834 4358 870 4416 41
889 4357 1063 4418 mentionem
1079 4357 1159 4424 lectt,
1190 4373 1220 4412 re
1238 4373 1306 4414 uera
1323 4357 1392 4414 illud
1409 4355 1520 4412 Dianae

236 4445 458 4517 intellegendum
486 4463 560 4515 esse3
589 4449 622 4504 at
653 4447 721 4504 conf
747 4448 893 4504 Bunsen
921 4446 1135 4513 1.s.1111,412.
1181 4445 1319 4506 Becker
1346 4445 1520 4517 Isaac.

236 4534 387 4592 Richter
409 4535 427 4591 l.
441 4552 462 4594 s.
476 4553 502 4608 p.
513 4535 576 4593 209.
