3208 4992
610 271 833 339 ...37-

187 448 389 516 Breuissime
404 449 458 516 hic
473 450 627 518 auctores
650 449 880 516 incendiorum
895 448 1026 516 illorum
1049 448 1130 516 mihi
1153 447 1362 518 considerare

79 556 187 624 liceat
203 561 207 570 ’
225 555 450 644 Hieronymus
474 557 563 624 enim
585 559 733 624 testatur
755 575 845 622 anno
869 554 1062 626 CIXXXIX
1084 577 1114 642 p.
1131 555 1164 623 G.
1180 577 1211 624 ιι.
1235 554 1362 642 Gepi-

79 663 235 730 tolium
258 662 395 730 fulmine
419 662 533 744 ictum,
557 661 898 746 bibliothecam,
928 662 1104 730 uicinas
1128 661 1259 730 aedes
1283 682 1362 730 con-

78 773 246 838 crematas
278 791 363 851 esse,
394 768 546 837 incendio
578 790 668 836 anno
691 768 801 838 oxon
824 789 855 855 p.
871 767 903 835 G.
919 791 951 836 n.
976 771 1048 836 orto
1075 768 1298 837 Palatium
1328 772 1363 838 et

80 877 243 944 Vestae
281 876 488 962 templum
526 876 842 963 maximamque
880 875 1001 944 urbis
1035 879 1210 963 partem.
1264 876 1363 964 Apud

80 983 265 1073 Orosium¹)
281 987 396 1051 autem
411 983 470 1070 qui
484 983 607 1071 quibus
622 982 721 1050 annis
736 981 830 1050 facta
845 982 923 1068 sint,
944 1003 1013 1049 non
1028 985 1186 1065 testatur,
1203 983 1363 1070 scriptum

80 1089 233 1158 uidemus
264 1091 341 1157 lroc:
378 1089 539 1173 ,fulmine
569 1088 837 1177 Capitolium
866 1088 980 1173 ictum,
1016 1110 1059 1158 ex
1089 1110 1155 1176 quo
1185 1089 1278 1158 facta
1308 1090 1361 1156 in-

79 1197 266 1266 flammatio
290 1196 621 1286 bybliothecam
643 1194 746 1281 illam,
771 1195 933 1264 maiorum
965 1216 1045 1264 cura
1068 1196 1246 1285 studioque
1270 1217 1361 1266 com-

78 1305 234 1390 positam,
252 1303 450 1390 aedesque
475 1303 577 1371 alies
592 1303 709 1370 iuxta
724 1303 826 1370 sitas
842 1303 956 1391 rapaci
970 1303 1103 1370 turbine
1116 1305 1359 1371 concremauit“

5 1431 6 1454 ι
78 1413 181 1498 atque
204 1410 239 1478 id
261 1432 351 1478 anno
372 1409 564 1478 CLXXXIX
587 1432 618 1497 p.
634 1409 668 1477 0.
682 1431 728 1494 n.;
753 1408 893 1493 „deinde
917 1409 1009 1478 aliud
1030 1410 1221 1478 incendium
1244 1414 1363 1498 postea

78 1517 206 1584 Romae
231 1520 383 1585 exortum
412 1516 530 1586 aedem
553 1515 717 1584 Vestae
741 1519 777 1583 et
797 1516 1021 1585 Palatium
1043 1517 1362 1606 plurimamque

79 1626 202 1692 urbis
224 1628 385 1711 partem
408 1624 479 1692 solo
496 1624 718 1710 coaequauit“
735 1622 835 1711 idque
852 1644 943 1692 anno
960 1622 1071 1692 oxon
1084 1646 1114 1712 p.
1131 1624 1164 1692 G.
1179 1645 1211 1690 ιι.
1245 1624 1362 1712 Neque

79 1752 157 1798 uero
181 1732 245 1799 Dio
269 1735 305 1798 et
326 1731 548 1813 Herodianus,
580 1733 620 1797 ut
651 1728 853 1816 supradixi,
885 1730 951 1798 nisi
981 1731 1073 1800 uasti
1103 1729 1249 1800 incendii
1271 1752 1362 1799 anno

78 1837 163 1905 GXII
177 1861 209 1926 p.
226 1838 259 1906 G.
274 1859 307 1905 n.
331 1839 395 1906 orti
417 1838 622 1906 mentionem
637 1836 777 1906 faciunt
813 1837 913 1904 Teste
938 1838 1027 1905 enim
1042 1837 1149 1905 Dione
1171 1839 1207 1904 in
1223 1839 1362 1925 quibus-

79 1944 157 2014 dam
173 1945 315 2012 aedibus
330 1949 433 2013 noctu
448 1943 640 2012 incendium
656 1943 842 2012 excitatum
859 1947 921 2028 est,
945 1944 1135 2013 Herodiano
1151 1947 1270 2013 notum
1293 1965 1362 2014 non

79 2056 152 2120 eret
183 2074 249 2139 quo
280 2050 378 2120 modo
408 2053 495 2136 ignis
527 2053 619 2118 esset
649 2053 753 2118 ortus
798 2051 842 2118 llt
864 2051 961 2136 Dici)
983 2054 1131 2119 testatur
1161 2054 1207 2118 ὅτι
1237 2060 1303 2136 πῦρ
1330 2079 1362 2118 τε

79 2163 209 2244 νύκτωρ
240 2161 341 2244 ἀρθὲν
371 2162 406 2235 ἐξ
428 2161 531 2232 οἰκίας
560 2158 643 2231 τινδς
665 2160 719 2224 καί
743 2161 776 2230 ἒς
806 2159 843 2224 ιδ
865 2160 1099 2244 Εἰρηναῖον
1130 2161 1270 2244 ἐμπεσὸν
1290 2161 1362 2232 τὰς

79 2269 283 2352 ἀποθήκας
309 2273 385 2332 τῶν
407 2292 444 2331 τε
460 2267 679 2350 Αἰγυπτίων
702 2267 765 2332 καί
787 2271 862 2334 τῶν
884 2267 1073 2352 Ἀραβίων
1097 2269 1267 2351 φορτίων
1290 2268 1360 2333 ἑπε-

78 2377 214 2459 νείματο,
245 2378 278 2446 ἔς
300 2399 332 2440 τε
353 2375 390 2440 τδ
413 2375 596 2440 παλάτιον
617 2374 877 2457 μετεωρισθὲν
900 2375 1015 2458 ἒσήλθε
1044 2375 1099 2439 καί
1120 2375 1239 2440 πολλὰ
1261 2375 1360 2440 πάνυ

77 2483 194 2548 αὐτοῦ
224 2484 427 2557 κατέκαυσεν,
457 2482 536 2553 ὥςτε
566 2480 621 2544 καί
650 2480 687 2545 τὰ
720 2481 891 2564 γράμματα
921 2481 958 2545 τὰ
981 2487 1019 2564 τῇ
1042 2482 1128 2564 ἀρχῇ
1157 2482 1361 2564 προσήκοντα

79 2589 183 2672 ὀλίγου
209 2589 273 2654 δεῖν
299 2589 401 2654 πάντα
425 2590 600 2672 φθαρῆναι.
646 2585 749 2653 'Peste
777 2588 893 2654 autem
915 2584 1105 2654 Herodiano
1134 2590 1191 2653 εἴτε
1218 2595 1361 2671 σκηπτοῦ

77 2697 204 2779 νύκτωρ
227 2699 470 2781 κατενεχθέντος
492 2699 551 2762 εἴτε
573 2697 628 2762 καὶ
649 2698 753 2780 πυρός
774 2697 879 2762 ποθεν
901 2697 938 2760 ἐκ
960 2701 1017 2760 τοῦ
1040 2701 1171 2778 σεισμοῦ
1196 2696 1360 2778 διαρρυέν-

78 2827 130 2874 τος
151 2809 226 2867 πᾶν
248 2803 288 2868 τδ
311 2811 375 2887 τής
398 2805 554 2888 εἰρήνης
580 2807 740 2888 τέμενος
761 2803 963 2887 κατεφλέχθη
982 2852 1085 2867 .....
1101 2803 1302 2885 καταφλέξαν
1326 2803 1361 2868 δὲ

79 2909 112 2973 ιδ
134 2916 201 2993 πῦρ
224 2911 347 2975 τόντε
370 2912 467 2976 νεὼν
489 2912 554 2976 καί
575 2912 695 2976 πάντα
718 2911 783 2976 τδν
804 2911 1019 2994 περίβολον,
1042 2910 1225 2993 ἐπενεμήθη
1242 2910 1360 2975 καὶτὰ

78 3017 230 3082 πλεῖστα
252 3024 317 3101 τῆς
338 3018 486 3089 πόλεως
508 3018 572 3083 καὶ
593 3019 772 3084 κάλλιστα
795 3018 896 3100 ἔργα,
920 3017 971 3083 ὅτε
985 3017 1039 3081 καί
1054 3016 1272 3100 τήςἘστίας
1294 3023 1359 3082 τοῦ

79 3124 149 3187 νεὼ
166 3125 440 3208 καταφλεχθέντος
464 3173 613 3192 .......
637 3125 839 3208 κατεφλέχθη
864 3124 900 3188 δὲ
922 3123 986 3188 καί
1008 3123 1099 3188 ἄλλα
1121 3123 1273 3188 πλεῖστα
1296 3129 1360 3206 τῆς

79 3231 225 3302 πόλεως
262 3232 358 3314 μέρη
395 3231 581 3296 κάλλιστα.
637 3229 849 3297 Herodianus
883 3227 986 3312 igitur
1018 3249 1087 3296 non
1122 3230 1360 3296 commemorat

79 3333 277 3403 Palatium
300 3356 374 3404 esse
398 3335 554 3421 deletum,
578 3337 667 3424 quod
689 3334 874 3404 secundum
896 3335 1039 3402 Dionem
1062 3337 1097 3401 et
1119 3334 1360 3422 Hieronymum

79 3440 224 3510 flammis
257 3443 363 3529 periit.
419 3442 537 3531 Neque
570 3444 633 3511 Dio
671 3445 819 3510 testatur
852 3440 1016 3510 Vestae
1050 3441 1257 3528 templum
1290 3441 1360 3526 igni

80 3567 152 3615 esse
174 3552 420 3637 consumptum,
444 3551 616 3618 testantru
637 3548 848 3617 Herodianus
873 3551 977 3635 atque
998 3547 1232 3636 Hieronymus.

183 3659 297 3745 Atque
320 3657 422 3724 etiem
446 3656 486 3724 de
508 3657 576 3724 fine
598 3656 744 3726 incendii
766 3677 856 3724 enno
873 3655 984 3724 OXOII
999 3677 1029 3743 p.
1045 3654 1078 3722 0.
1094 3676 1126 3722 n.
1149 3656 1214 3723 orti
1230 3656 1358 3724 dissen-

80 3761 168 3830 tiunt
198 3763 261 3830 Dio
292 3767 328 3830 et
356 3762 577 3831 Herodianus.
621 3763 775 3850 Namque
802 3763 902 3850 Di08)
934 3763 1114 3830 memoriae
1144 3762 1283 3829 tradidit
1314 3764 1360 3829 ὅτι

80 3871 176 3936 οῦδὲ
200 3872 276 3956 γὰρ
299 3873 645 3956 κατασβεσθῆναι
668 3872 919 3956 ἀνθρωπίνη
943 3871 1052 3955 χειρί
1075 3871 1235 3954 ἠδυνήθη,
1259 3873 1360 3936 καίτοι

78 3979 275 4061 παμπόλλων
305 3979 365 4062 μὲν
394 3979 531 4044 ἰδιωτῶν
560 3979 760 4063 παμπόλλων
788 3979 823 4043 δὲ
853 3983 1053 4061 στρατιωτῶν
1075 3978 1358 4063 ῦδροφορούντων,

78 4084 131 4147 καὶ
153 4087 251 4151 αὐτοῦ
273 4091 330 4150 τοῦ
353 4086 535 4170 Κομμόδου
559 4086 749 4158 ἐπελθόντος
772 4087 808 4150 ἐκ
831 4092 888 4151 τοῦ
910 4086 1098 4170 προαστείου
1127 4085 1181 4150 καὶ
1211 4087 1358 4170 ἐπισπέρ-

79 4214 198 4272 χοντος.
222 4193 289 4257 ἀλλ’
306 4193 436 4277 ἰπειδή
453 4194 572 4258 πάντα
596 4193 665 4259 ὅσα
681 4195 839 4277 κατέσχε
856 4194 1089 4277 διέφθειρεν,
1113 4193 1358 4267 ἐξαναλωθὲν

185 4386 204 4457 ¹)
223 4387 300 4444 Oros.
320 4387 372 4442 vn
386 4387 466 4453 16,3.

184 4474 204 4545 'l
221 4475 275 4532 Dio
293 4476 393 4532 LXXII
410 4475 454 4545 24,
466 4477 490 4535 1.

184 4565 203 4633 ⁸)
220 4565 275 4621 Dio
293 4565 393 4622 LXXII
405 4565 484 4633 24,8.
