3208 4992
620 261 844 326 ..45-

81 436 240 503 GGUVHI
263 459 293 525 p.
318 437 351 504 G.
373 459 406 503 n.
439 437 649 504 Maxentium
671 437 860 504 restituisse
884 459 926 504 ex
948 438 1094 503 nummis
1128 440 1308 525 apparet‚¹)
1336 441 1373 504 et

82 547 219 610 mortuo
242 543 298 611 illc
322 545 511 612 Constantii
534 544 668 611 nomine
692 543 884 612 dedicatum
907 543 998 632 est.²)

193 651 326 736 Restat,
351 655 391 718 ut
412 671 521 737 pauca
545 651 652 718 dicam
676 650 718 716 de
740 649 894 717 incendio
918 672 984 738 quo

658 759 803 828 Iuliano

83 865 285 951 imperatore
320 886 350 931 a.
386 865 415 932 d.
449 863 513 930 XV
547 865 612 931 kal.
647 864 723 932 Mai.
758 865 839 931 anni
873 863 1051 932 GOGLXIII
1084 885 1115 952 p.
1127 863 1179 931 -ῧ,
1202 886 1234 931 n.
1267 868 1372 932 noctu

83 970 309 1057 Apollinis
344 971 552 1059 templum
585 971 782 1038 Palatini
815 975 870 1038 eet
903 971 1189 1058 comprehensum,
1222 971 1311 1058 „ubi
1335 973 1372 1038 ni

84 1077 263 1164 multiplex
296 1080 440 1146 iuuisset
472 1077 646 1163 auxilium,
678 1079 782 1146 etiam
804 1078 956 1146 Cumana
979 1079 1146 1146 earmina‘
1171 1099 1258 1165 quae
1281 1082 1371 1146 teste

85 1185 247 1251 Suetonio
259 1186 282 1272 Β)
319 1185 471 1270 „duobus
506 1184 623 1252 forulis
659 1185 786 1252 auratis
822 1185 885 1252 sub
908 1184 1055 1252 Palatini
1077 1184 1242 1273 Apollinis
1272 1186 1369 1252 basi“

85 1294 185 1358 erant
218 1292 363 1378 condita,
400 1297 675 1380 „consumpserat
709 1292 906 1378 magnitudo
933 1293 1207 1378 flammarum“.⁴)
1252 1292 1370 1380 Neque

84 1419 165 1464 uero
198 1399 331 1466 uidetur
361 1401 424 1468 hoc
454 1400 616 1486 templum
643 1401 839 1467 restitutum
862 1421 945 1467 esse.
991 1399 1142 1486 Itemque
1166 1399 1370 1467 bibliotheca

83 1507 120 1570 in
142 1509 342 1592 perpetuum
364 1507 499 1575 interiit

193 1613 347 1680 Exeunte
382 1617 497 1681 autem
532 1614 666 1682 saeculo
701 1617 820 1701 quarto
855 1613 911 1680 uel
933 1614 1071 1680 ineunte
1099 1613 1227 1700 quinto,
1262 1618 1302 1680 ut
1326 1613 1370 1682 ad

83 1719 190 1786 finem
204 1720 307 1786 huius
322 1721 441 1807 capitis
457 1721 602 1805 ueniam,
626 1720 766 1788 lorum
785 1721 932 1788 flammis
948 1741 1063 1786 rursus
1078 1720 1184 1807 periit
1215 1719 1370 1806 Namque

84 1848 175 1894 anno
207 1826 368 1894 dcccxli
398 1850 429 1915 p.
460 1827 499 1920 0„
523 1849 554 1895 n.
585 1828 792 1915 Epiphanius
827 1828 1017 1914 praelectus
1047 1827 1123 1893 urbi
1153 1827 1370 1894 secretarium

85 1937 236 2018 senatus
262 1934 350 2020 quod
373 1933 416 2001 ad
438 1934 548 2002 forum
571 1935 674 2001 situm
698 1939 780 2020 erat,
804 1935 873 2018 igni
896 1934 1113 2019 absumptum
1128 1934 1368 2022 instaurante

630 2131 830 2200 Conclusio.

85 2237 251 2318 Quoniam
273 2237 428 2305 incendia
450 2240 638 2325 temporum
662 2237 775 2304 ordine
799 2240 933 2305 seruato
951 2237 1145 2320 singulatim
1161 2239 1367 2322 enumerant,

83 2364 174 2410 nunc
205 2344 402 2411 breuissime
432 2346 468 2410 in
490 2347 686 2412 uniuersum
707 2346 781 2412 fata
803 2344 896 2411 urbis
919 2342 1174 2411 consideremus.
1219 2344 1368 2431 Impera-

83 2452 196 2517 torum
219 2451 320 2535 igitur
342 2453 548 2540 temporibus
571 2453 726 2519 incendia
741 2450 868 2518 Romae
886 2455 960 2517 orta
982 2453 1072 2534 sunt,
1096 2472 1183 2537 quae
1207 2453 1241 2517 et
1264 2471 1369 2517 causa

84 2559 123 2622 et
155 2557 287 2624 ambitu
322 2559 443 2625 similia
477 2562 558 2625 sunt
592 2559 649 2643 eie,
686 2559 807 2644 quibus
840 2557 988 2624 ciuitatis
1011 2557 1136 2624 liberae
1159 2557 1367 2644 temporibus

85 2664 164 2730 urbs
188 2668 329 2732 uastata
352 2669 433 2732 erat
463 2666 616 2752 Namque
638 2667 851 2752 potissimum
873 2666 906 2730 in
931 2664 1058 2731 horreis
1082 2667 1185 2752 atque
1205 2665 1366 2748 tabernis,

84 2793 171 2858 quae
195 2774 271 2837 tum
290 2771 423 2859 quidem
439 2772 623 2840 secundum
639 2775 760 2839 circum
777 2771 970 2854 maximum,
988 2770 1156 2838 adfurum
1171 2792 1367 2858 sacramque

84 2879 185 2960 uiam,
210 2878 246 2944 in
270 2879 397 2966 saeptis
421 2881 528 2966 campi
550 2879 662 2946 Martii
686 2881 783 2946 eraut
798 2880 1000 2961 constructa,
1025 2877 1196 2965 complura
1210 2877 1367 2947 incendia

1 2985 2 3017 ³
85 2988 166 3052 sunt
201 2989 283 3052 crta.
342 2987 427 3068 Quid
461 2987 606 3053 mirum?
662 2985 749 3052 Nam
783 2985 902 3052 horrea
936 2988 1039 3071 atque
1073 2985 1248 3058 tabernae,
1270 2988 1368 3052 erant

1 3089 2 3166 l
85 3092 252 3178 completa
274 3094 374 3159 rebus
397 3094 465 3177 igni
488 3092 701 3179 concipiendo
725 3093 917 3179 aptissimis.
954 3091 1017 3157 Hic
1032 3094 1175 3178 quaerat
1189 3091 1366 3179 quispiam,

85 3220 149 3284 quo
185 3198 284 3265 modo
319 3200 394 3267 fieri
426 3202 582 3286 potuerit,
617 3203 656 3266 ut
691 3201 792 3267 etiam
827 3219 929 3286 opera
961 3197 1105 3285 publica,
1140 3219 1227 3286 quae
1258 3219 1367 3285 neque

84 3306 229 3372 materia
257 3327 367 3394 neque
397 3329 462 3374 usu
485 3307 633 3374 flammis
657 3304 882 3392 concipiendis
906 3307 1003 3372 erant
1024 3304 1156 3388 idonea,
1180 3305 1303 3371 iterum
1327 3326 1367 3371 ac

1 3419 2 3480 ξ
85 3413 222 3498 saepius
244 3413 405 3481 incendiis
430 3415 498 3481 sint
521 3415 769 3501 comprehensa.
804 3413 932 3480 Horrea
954 3415 1057 3500 atque
1080 3411 1242 3479 tabernae
1259 3413 1366 3478 maxi-

84 3540 175 3585 mam
206 3523 337 3606 partem
368 3542 443 3588 curn
474 3521 615 3608 publicis
647 3520 805 3587 aedificiis
836 3522 933 3586 erant
956 3519 1144 3586 coniuncta.
1189 3517 1368 3586 Praeterea

1 3691 2 3714 q
86 3629 201 3693 autem
233 3631 329 3693 erant
351 3629 492 3714 imparia
515 3627 665 3694 subsidia
686 3628 834 3694 flammis
857 3625 1082 3712 reprimendis.
1128 3628 1175 3692 At
1197 3624 1368 3711 complura

84 3732 250 3817 incendia,
275 3735 332 3800 ubi
355 3737 453 3801 erant
475 3738 558 3818 orta,
583 3735 752 3802 exstincta
772 3754 856 3817 esse,
873 3733 972 3800 facile
987 3732 1064 3799 inde
1079 3731 1229 3817 intellegi
1243 3734 1365 3819 potest,

84 3839 174 3926 quod
204 3840 263 3908 illa
294 3840 447 3908 aedificia
477 3841 660 3908 maximam
690 3843 821 3928 partem
845 3843 906 3907 aut
929 3843 1087 3927 separata
1109 3841 1171 3906 aut
1194 3838 1366 3906 altissimis

194 4018 213 4090 ²)
233 4018 351 4074 Cohen
370 4019 433 4075 VII²
451 4037 477 4091 p.
493 4019 552 4076 168.
567 4018 620 4074 169
631 4035 678 4074 nu.
691 4017 807 4074 20-45.
820 4035 846 4090 p.
861 4017 910 4075 1‘11
925 4033 972 4072 nu.
985 4017 1028 4072 49.
1041 4016 1156 4073 51-54.
1169 4016 1213 4072 56.
1232 4016 1367 4071 Jordan

1 4151 2 4158 ,
86 4107 280 4180 hasspb

1 4161 2 4192 ¹
193 4197 213 4265 τ)
232 4197 326 4252 Aure.
345 4196 418 4253 vat.
438 4196 518 4253 caes.
536 4197 627 4264 40,2e
645 4196 756 4267 (fanum
773 4193 873 4266 vais).

194 4285 213 4355 ³)
232 4287 310 4342 Suet.
329 4287 402 4358 Aug.
421 4286 464 4342 31.

1 4395 2 4439 ς
193 4374 214 4446 ⁴)
232 4376 324 4432 Amm
343 4375 429 4432 Marc.
446 4375 537 4431 XXIII
555 4375 581 4443 3,
599 4376 625 4430 3.
661 4373 852 4439 panciani,
880 4372 932 4428 the
949 4375 1076 4444 pcgeant
1102 4375 1134 4428 at
1151 4372 1242 4428 Reme
1265 4371 1294 4426 in
1314 4371 1367 4426 the

1 4453 2 4506 l
89 4479 153 4532 year
172 4464 207 4519 1‘1
224 4465 257 4520 Β.
276 4465 314 4532 (t,
332 4465 460 4521 AtlantIe
478 4463 609 4536 Monthly
626 4463 714 4520 LXIX
733 4462 804 4518 leet
822 4480 848 4535 p.
869 4461 929 4518 151.

194 4554 214 4624 ³)
234 4555 261 4610 C.
281 4554 302 4610 Ι.
321 4553 352 4609 h.
371 4553 409 4610 VI
429 4554 507 4610 1718.
