3208 4992
7 453 8 534 Ῠ
83 487 184 555 quam
221 466 427 534 bibliotheca
463 468 539 555 ipsa
576 468 710 534 uidetur
753 467 864 535 delete
901 489 984 534 esse.
1045 467 1208 556 Apollinis
1252 473 1365 536 autern

6 625 8 666 η
83 574 244 660 templum
267 573 323 641 uel
345 574 458 662 potius
483 574 719 642 bibliothecam
745 574 907 643 reiectam
938 597 1014 642 esse
1047 596 1252 663 quamquam
1282 576 1366 643 nihil

6 669 8 702 ⁸
84 681 162 747 certi
186 682 385 769 accepimuS,
409 685 526 749 tamen
557 685 697 769 apparet
732 703 774 749 ex
809 703 849 749 eo
884 681 973 768 quod
1005 703 1113 770 usque
1141 681 1185 749 ad
1208 687 1366 770 quartum

6 787 7 846 ἐ
82 787 254 854 εεεοαΙααι
278 808 319 854 ea
342 788 509 856 exstabat.
555 789 668 876 Atque
692 789 796 855 etiam
819 788 1096 856 uerisimiilimum
1127 793 1181 856 est
1212 789 1365 857 domum

83 896 359 979 Augustenam
375 896 439 962 hoc
453 894 606 963 incendio
623 895 879 980 deflagrauisse;
897 916 978 963 nam
993 895 1076 962 illud
1091 896 1150 963 uit.
1167 895 1333 963 Commod.
1340 898 1366 985 1)

83 1002 137 1083 „in
161 1000 261 1068 domo
285 1001 442 1068 Palatina
465 1001 724 1070 Commodiana“
749 1002 894 1069 fortasse
918 1006 1052 1089 spectat
1067 1002 1111 1069 ad
1126 1024 1253 1069 nouum
1270 1024 1364 1090 opuS,

5 1099 7 1164 l
83 1108 640 1196 quodnomenruitadtempusr)
675 1109 768 1190 Quae
785 1109 940 1177 aedificia
962 1111 998 1175 iu
1020 1109 1207 1176 Palatino
1231 1114 1364 1176 monte

82 1218 147 1284 situ
169 1219 347 1300 praeterea
369 1216 513 1282 flammis
536 1219 609 1283 tum
629 1217 699 1283 sint
714 1216 963 1302 comprehensa,
980 1215 1140 1283 affirmari
1159 1237 1229 1283 non
1244 1219 1365 1302 potest

4 1327 6 1402 i
81 1321 271 1408 iterumque
294 1321 458 1390 cumeneo
482 1343 551 1390 non
581 1325 691 1389 totum
713 1323 907 1390 Palatinum
937 1326 1088 1390 montem
1118 1324 1182 1391 hoc
1211 1323 1365 1390 incendio

3 1441 5 1510 j
80 1431 267 1514 correptum
297 1430 409 1496 brisso.
463 1427 547 1496 iisse
577 1428 724 1496 fortasse
756 1432 870 1497 autem
904 1429 1080 1496 uerisimile
1116 1429 1222 1497 uideri
1252 1433 1366 1518 potest

80 1533 134 1602 iilo
158 1556 250 1602 anno
274 1537 422 1603 circum
446 1537 659 1603 maxIrnum
680 1537 765 1603 item
794 1538 863 1621 igni
895 1559 937 1603 ex
967 1539 1062 1624 parte
1093 1535 1256 1603 haustum
1279 1558 1364 1619 esse,

3 1661 4 1700 3
79 1642 135 1728 qui
158 1644 248 1709 teste
271 1642 373 1710 titulo
388 1643 435 1709 VI
454 1642 538 1710 1083
563 1664 653 1710 anno
669 1643 815 1710 GCXXV
837 1665 868 1731 p.
885 1643 917 1710 0.
933 1666 965 1710 n.
989 1665 1011 1710 a
1030 1644 1071 1711 M.
1087 1643 1223 1710 Aurelio
1239 1643 1365 1711 Seuero

3 1747 4 1754 '
80 1747 271 1816 Alexandro
296 1755 350 1816 est
371 1751 574 1817 restitutum.
620 1750 737 1837 Neque
761 1750 850 1816 enim
873 1750 1151 1818 uerisimillimum
1173 1754 1226 1817 est
1243 1752 1366 1818 circum

2 1843 3 1854 ¹
79 1876 135 1942 per
158 1855 282 1922 LXXX
305 1877 423 1941 annos,
455 1879 531 1925 cum
553 1858 726 1924 Antonino
749 1859 808 1924 Pio
839 1858 1039 1946 imperatore
1070 1856 1236 1945 collapsus
1264 1862 1364 1940 esset,

2 1948 3 1974 ³
79 1960 227 2029 dirutum
249 1963 402 2030 iacuisse.

185 2068 237 2135 Ex
270 2070 323 2136 his
359 2092 446 2157 quae
481 2071 630 2158 exposui,
667 2071 752 2137 satis
787 2075 928 2159 apparet
956 2070 1134 2138 Commodo
1165 2071 1364 2159 imperatore

79 2195 168 2242 anno
185 2175 380 2243 CLXXXIX
394 2199 425 2265 p.
442 2177 474 2244 (1.
491 2200 522 2244 n.
539 2177 708 2262 regionem
725 2177 810 2261 VIII,
836 2199 925 2244 anno
942 2177 1053 2245 oxon
1068 2200 1098 2265 p.
1116 2178 1148 2245 (1.
1164 2199 1196 2244 n.
1212 2178 1365 2262 regiones

77 2282 132 2366 IV,
157 2281 243 2358 VIII,
268 2284 308 2368 X,
332 2284 379 2350 XI
402 2306 445 2350 ex
467 2288 564 2372 parte
586 2285 740 2351 incendio
766 2287 909 2352 uexatas
933 2305 1016 2351 esse.

188 2389 407 2478 Temporibus
908 2469 911 2476 ἱ

415 2496 584 2578 Septimii
608 2495 735 2568 Seueri
758 2500 796 2567 et
819 2498 1021 2566 Caracallue

78 2604 158 2670 urbs
181 2604 291 2670 Roma
315 2589 503 2671 'maioribus
537 2604 699 2671 incendiis
729 2606 861 2688 integra
883 2603 957 2671 iuit.
1002 2602 1120 2690 Neque
1153 2605 1241 2671 enim
1273 2603 1365 2671 aliud

78 2710 258 2798 quicquam
304 2712 384 2778 corti
431 2713 620 2798 accepimus
666 2711 731 2776 nisi
777 2711 938 2796 SeptImio
985 2711 1110 2778 Seuero
1163 2698 1363 2798 imperatore

1 2807 2 2860 3
77 2815 280 2884 theatrum
315 2817 476 2905 Pompei
509 2819 654 2885 fortasse
689 2817 844 2885 incendio
880 2816 1029 2884 deletum
1064 2839 1152 2902 esse,
1187 2818 1276 2904 quod
1309 2817 1364 2884 ille

78 2924 327 3012 restaurabit.)

184 3032 231 3096 At
252 3030 453 3114 incendium,
479 3053 544 3119 quo
570 3032 648 3098 urbs
672 3031 968 3099 uehementissime
992 3034 1047 3098 est
1068 3031 1274 3119 perturbata,

643 3139 802 3208 iiucrIno

77 3243 277 3331 imperatore
301 3249 412 3312 ortum
435 3257 494 3312 cst.
543 3247 593 3310 Τό
616 3272 655 3310 τε
681 3248 865 3330 θέατρον
895 3246 1174 3330 κυνηγετικδν
1197 3254 1364 3329 κεραυνοῖς

77 3353 111 3416 ἐν
134 3353 215 3436 αὐτῇ
238 3360 275 3437 τῇ
298 3359 363 3418 τῶν
377 3351 572 3437 Ἡφαιστίων
595 3354 701 3437 ἡμέρᾳ
723 3354 844 3438 βληθὲν
868 3355 953 3419 οὕτω
970 3354 1171 3436 κατεφλέχθη
1197 3354 1276 3423 cirre
1291 3355 1363 3435 τήν

76 3483 115 3523 τε
138 3461 224 3524 ἄνω
248 3461 482 3544 περιβολὴν
505 3461 633 3525 αὐτοῦ
655 3466 791 3525 πᾶσαν
814 3461 868 3524 καὶ
890 3461 934 3524 τδ
962 3461 1003 3524 ἐν
1028 3465 1083 3542 τῷ
1105 3466 1176 3524 τοῦ
1203 3460 1363 3523 κύκλου

78 3565 190 3650 ἐδάφει
212 3568 343 3630 πάντα
366 3569 622 3651 κατακαυθῆναι,
647 3568 712 3631 κάκ
734 3567 847 3632 τούτου
877 3567 924 3630 τὰ
953 3567 1078 3631 λοιπὰ
1108 3567 1364 3649 πυρωθέντα

77 3673 291 3757 θραυσθῆναι.
298 3675 322 3755 ⁴)
356 3670 597 3739 Vulcanalibus
612 3673 715 3756 Igitur
729 3672 760 3739 h.
773 3693 799 3738 e.
817 3693 846 3738 a.
859 3672 889 3739 d.
900 3670 932 3737 X
943 3671 1010 3738 kal.
1023 3671 1112 3759 Sept
1129 3671 1210 3738 anni
1222 3670 1364 3738 ooxvfl

77 3777 204 3863 p‘.0.n.
236 3778 614 3865 amphitheatrum
645 3779 851 3846 Flauium
881 3799 1016 3866 prorsus
1047 3782 1100 3845 est
1129 3779 1276 3844 flammis
1304 3798 1363 3844 ex-

78 3885 239 3952 haustum
266 3887 342 3952 οὐδὲ
372 3889 544 3971 ἐπαρκέσαι
577 3889 666 3970 αὐτῷ
700 3889 772 3952 οὔτε
806 3888 996 3970 ἀνθρωπίνη
1032 3887 1215 3970 ἐπικουρία,
1249 3887 1363 3969 καίπερ

77 3993 194 4065 παντὸς
216 3994 263 4065 ὡς
286 3995 381 4059 εἰπεῖν
403 3994 520 4066 ὕδατος
543 3995 681 4079 ῥέοντος,
707 3995 781 4058 οὔθ’
798 3995 818 4077 ἡ
834 4000 890 4058 τοῦ
911 3994 1062 4078 οὐρανίου
1080 3994 1223 4077 ἕπίρρσια
1237 3994 1362 4075 πλείστη

78 4123 109 4163 τε
130 4101 186 4164 καὶ
209 4101 409 4183 σφοδροτάτη
435 4103 588 4185 γενομένη
614 4101 762 4184 ἠδυνήθη
780 4119 786 4134 ·
804 4101 888 4164 οὕτω
904 4124 969 4165 που
985 4099 1039 4163 καί
1053 4099 1089 4163 τὸ
1104 4100 1197 4183 ὕδωρ
1213 4101 1363 4182 ἑκάτερον

78 4243 293 4254 ----.

184 4312 204 4380 ¹)
224 4313 276 4367 ult.
296 4312 441 4367 Commod.
462 4311 505 4369 12.

185 4401 205 4470 ’1
224 4400 371 4456 Richter
389 4401 407 4456 l.
420 4418 442 4455 s.
461 4418 488 4472 p.
504 4400 563 4456 157.

186 4490 206 4559 ³)
224 4488 253 4545 G.
272 4489 293 4545 I.
312 4491 344 4545 L.
356 4489 421 4544 VliI
441 4487 518 4545 1439.

183 4578 205 4648 ⁴)
224 4578 278 4633 Dio
288 4577 512 4644 LXXV11125‚2.
526 4579 577 4635 uit.
586 4577 666 4648 Elag.
678 4578 720 4634 17.
730 4578 842 4633 Hieron.
852 4594 878 4632 a.
889 4578 955 4633 Abr.
968 4576 1048 4633 2234.
1058 4576 1161 4633 chron.
1171 4577 1237 4633 min.
1247 4577 1294 4649 Ip.
1303 4577 1364 4634 147.
