3208 4992
124 4693 163 4700 .—

763 245 985 311 ,1ο-

231 424 406 504 Augustus
422 421 617 506 puluinar,
635 422 723 487 unde
738 425 858 508 postea
873 421 969 488 ludos
986 423 1149 489 circenses
1162 423 1375 509 spectabat.²)
1399 424 1534 510 Atque

233 527 402 594 Cereris
425 527 571 594 Liberi
594 528 867 614 Liberaeque
896 530 1119 615 templum,
1150 535 1316 616 utsupra
1347 529 1423 612 dixi,
1448 529 1536 612 igni

232 634 464 718 conflagrauit,
489 634 577 720 quod
600 638 673 701 erat
695 656 734 700 eo
758 637 865 718 magis
889 635 1078 719 dolendum,
1105 635 1194 723 quod
1216 636 1298 702 ihud
1314 639 1533 702 exornatum

232 745 304 807 erat
337 740 586 828 pretiosissimis
621 740 776 827 operibus
806 742 1031 828 Damophilir)
1069 746 1104 809 et
1135 742 1274 827 Gorgasi
1309 740 1533 829 sculptorum

231 848 470 935 pictorumque,
495 869 635 935 quorum
657 849 764 915 maior
778 870 856 935 pars
879 849 1032 916 incendio
1058 850 1212 916 interisse
1237 849 1377 916 uidetur.
1412 849 1531 914 Prae-

231 959 325 1021 terea
359 960 472 1020 autem
509 954 629 1021 Strabo
640 955 665 1041 8)
700 953 841 1021 dilucide
882 955 994 1022 docuIt
1035 958 1099 1023 hac
1134 956 1328 1023 calamitate
1361 955 1530 1022 tabulam

231 1060 396 1144 Arretidis,
428 1083 496 1148 qua
518 1063 685 1150 Dionysos
711 1062 862 1148 depictus
887 1067 985 1146 esset,
1017 1063 1163 1129 deletam
1196 1084 1280 1147 esse,
1305 1063 1527 1148 eandemque

231 1167 336 1234 fuisse
367 1176 458 1254 puto,
495 1189 597 1254 quam
619 1168 654 1236 L.
678 1169 856 1234 Mummius
886 1191 983 1254 „cunr
1018 1173 1053 1236 in
1087 1169 1212 1256 praeda
1242 1168 1421 1236 uendenda
1456 1189 1526 1234 rex

231 1275 369 1342 Attalus
383 1257 487 1371 §IV-Il
514 1277 659 1360 emisset,
676 1277 819 1363 pretium
834 1278 975 1343 miratus
992 1279 1250 1364 suspicatusque
1275 1275 1400 1363 aliquid
1416 1276 1453 1340 in
1479 1297 1527 1342 ea

231 1383 377 1465 uirtutis,
418 1383 505 1469 quod
521 1383 594 1468 ipse
618 1384 771 1466 nesciret,
796 1384 977 1462 reuocauit,
991 1383 1107 1449 Attalo
1131 1383 1276 1450 multum
1293 1388 1466 1472 querente,
1486 1389 1526 1448 et

230 1491 266 1555 in
289 1490 413 1557 Cereris
438 1489 574 1556 delubro
598 1491 771 1577 posuit“.⁴)
816 1491 965 1557 Maxima
988 1495 1103 1556 autem
1128 1490 1300 1574 diligentia
1323 1494 1426 1577 atque
1451 1489 1523 1554 im-

231 1618 337 1684 pensa
367 1597 450 1663 illud
479 1596 641 1683 templum
670 1599 846 1664 restituere
875 1599 1048 1680 Augustus
1082 1598 1206 1685 coepit,
1243 1597 1332 1684 quod
1362 1597 1523 1662 Tiberius

233 1725 321 1770 anno
337 1703 429 1769 XVII
445 1726 474 1790 p.
491 1703 523 1770 O.
540 1725 571 1769 n.
595 1703 770 1791 perfecitl)
809 1704 853 1770 ct
875 1704 1067 1791 templum
1091 1704 1183 1791 Spei
1205 1705 1241 1770 in
1263 1705 1334 1771 ioro
1357 1703 1520 1769 holitorio

233 1813 336 1876 situm
366 1832 387 1877 a
418 1809 614 1876 Germanico
650 1832 739 1876 anno
767 1811 860 1877 XVII
887 1833 917 1897 p.
939 1812 970 1878 (l.
999 1833 1030 1878 n.
1053 1813 1281 1878 instauratum
1317 1831 1391 1876 esse
1425 1810 1521 1876 idem

232 1917 369 1983 Tacitus
380 1920 404 2006 ⁶)
429 1923 545 1984 auctor
568 1921 629 1984 est.
667 1917 784 2005 Neque
809 1939 887 1985 uero
904 1923 1069 2005 quantum
1084 1917 1187 1984 fuerit
1201 1916 1391 1984 incendium
1405 1916 1520 2002 plene,

232 2028 272 2090 ut
295 2025 430 2111 saepius
452 2024 503 2110 iit,
527 2026 707 2091 memoriae
730 2025 892 2092 tradItum
915 2030 977 2105 est,
1003 2026 1161 2112 quomam
1185 2026 1361 2110 scriptores
1382 2031 1521 2089 ueteres

232 2134 266 2197 in
289 2131 451 2197 incendiis
468 2131 691 2198 describendis
715 2133 781 2197 nisi
804 2133 952 2198 maxima
975 2131 1129 2198 aedificia
1151 2153 1219 2198 non
1244 2136 1518 2212 commemorant,

232 2239 322 2304 unde
357 2237 497 2322 eluceat,
534 2260 707 2325 quousque
740 2238 880 2305 flamma
911 2241 1104 2325 peruaserit,
1141 2239 1176 2304 id
1210 2238 1299 2324 quod
1335 2239 1437 2304 etiam
1475 2257 1521 2302 ex

234 2344 350 2412 Dionis
360 2345 386 2432 ⁶)
410 2346 521 2411 uerbis
537 2349 591 2411 καὶ
613 2354 678 2430 πῦρ
701 2349 778 2411 ἄλλα
800 2373 832 2412 τε
855 2349 916 2412 οὐκ
940 2349 1027 2430 ὀλίγα
1050 2348 1104 2411 καὶ
1123 2348 1220 2411 αὐτοῦ
1235 2353 1291 2410 τοῦ
1308 2345 1515 2427 ἱπποδρόμου

232 2453 313 2519 πολὺ
335 2455 371 2518 τό
394 2479 426 2518 τε
449 2453 630 2538 Δημήτριον
653 2455 707 2518 καὶ
729 2457 835 2537 ἕτερον
857 2454 935 2518 ναὸν
953 2454 1100 2525 Ἐλπίδος
1120 2455 1269 2537 ἔφθειρεν
1286 2451 1384 2518 facile
1408 2449 1520 2532 colligi

231 2563 352 2646 potest.
385 2558 477 2640 Quae
494 2561 634 2625 comita
650 2559 727 2644 sint,
752 2560 838 2625 Iani
853 2581 985 2646 quoque
1010 2559 1201 2645 templum
1227 2559 1347 2624 infore
1363 2557 1518 2623 holitorio

233 2687 323 2732 anno
339 2665 448 2732 XXXI
464 2687 493 2731 a.
510 2665 542 2733 G.
558 2687 589 2731 n.
612 2665 760 2731 flammis
791 2689 865 2732 esse
889 2666 1051 2732 haustum
1083 2666 1207 2752 opinor.
1254 2663 1407 2751 Namque
1430 2666 1519 2730 inter

234 2794 333 2859 opera
356 2772 489 2866 publica
510 2795 531 2839 a
546 2773 675 2839 Tiberio
696 2793 785 2838 anno
801 2772 894 2838 XVII
912 2794 942 2858 p.
960 2773 991 2839 G.
1009 2795 1040 2840 n.
1063 2774 1223 2838 restituta
1238 2771 1412 2859 Tacitus7)
1435 2769 1516 2836 illud

233 2879 396 2966 templum
420 2883 603 2957 enumerat,
629 2879 716 2966 quod
741 2879 785 2945 ad
807 2878 996 2946 incendium
1020 2900 1109 2945 anno
1126 2877 1235 2944 XXXI
1259 2899 1288 2944 a.
1306 2878 1338 2944 O.
1353 2898 1385 2943 n.
1406 2881 1516 2944 ortum

122 3005 124 3009 ’
234 2989 386 3072 spectare
409 2986 549 3052 uidetur.
595 2985 711 3073 Neque
735 2987 877 3052 arbitror
907 3007 960 3052 me
984 3007 1058 3051 esse
1090 2988 1277 3051 erraturum
1310 3006 1385 3051 cum
1410 2984 1516 3050 dicam

233 3092 289 3159 illo
310 3114 399 3159 anno
422 3097 563 3160 totum
586 3093 730 3160 forum
752 3093 1012 3160 hoIItorium
1035 3092 1183 3158 flammis
1200 3091 1416 3177 absumptum
1433 3111 1513 3156 esse.

235 3199 331 3280 Quod
347 3221 422 3266 cum
437 3199 546 3266 iorum
562 3202 809 3287 receptaculum
825 3200 1073 3287 peregrinarum
1088 3199 1249 3265 mercium
1273 3202 1375 3281 esset,
1399 3200 1514 3264 horrea

236 3310 269 3372 et
287 3304 411 3372 tabulis
435 3310 607 3374 constrata
626 3311 661 3374 et
675 3308 776 3374 rebus
798 3307 885 3391 ignis
906 3307 1130 3393 capacissimis
1156 3305 1322 3392 completa
1338 3303 1513 3370 difficulter

234 3413 381 3479 flammis
420 3414 654 3501 comprehendi
693 3435 761 3481 non
795 3417 984 3500 potuerant.
1039 3413 1147 3494 Quid?
1202 3412 1298 3493 Quod
1336 3410 1392 3478 illo
1427 3431 1513 3477 anno

234 3520 457 3586 theatrum
484 3520 661 3607 Pompei
691 3520 986 3607 templumque
1014 3519 1238 3585 Fortunae
1270 3518 1512 3604 equestris,

343 3734 362 3802 ¹)
381 3735 502 3789 Menum.
517 3735 618 3806 Ancyr.
632 3734 675 3789 ed.
689 3734 724 3789 M.
738 3733 823 3788 1v²4
841 3750 897 3804 quo
914 3733 978 3788 loco
992 3733 1116 3788 Graecus
1129 3732 1266 3802 interpres
1278 3731 1410 3802 puluinar
1426 3731 1512 3786 reddi-

235 3823 278 3877 dit
294 3821 366 3878 ναὸν.
399 3824 475 3880 Suet.
494 3823 566 3894 Aug.
585 3823 633 3889 45;
653 3822 749 3878 Claud.
761 3823 788 3879 4.
820 3823 1091 3888 Gardthausen,
1111 3824 1258 3891 Augustus
1277 3821 1333 3876 und
1352 3821 1428 3876 seins
1446 3819 1512 3887 zat,

235 3911 261 3966 lI
271 3911 360 3977 2572
378 3913 443 3968 adn.
456 3913 500 3968 21.

342 4003 361 4071 ¹)
382 4002 412 4056 0.
431 4001 580 4057 Rossbach
599 4001 674 4072 apud
692 4001 822 4056 P.-Wiss
834 4001 872 4055 1v
884 4000 964 4065 2076,
974 4001 1001 4057 8.

343 4091 361 4160 'l
382 4091 485 4145 Strabo
504 4092 522 4145 l.
536 4108 557 4146 s.

341 4179 362 4248 ⁴)
380 4179 452 4234 Plio.
471 4198 498 4235 n.
518 4181 545 4234 h.
565 4179 667 4234 XXXV
680 4180 723 4235 24.
845 4233 850 4244 ,

342 4269 362 4337 ⁶)
381 4268 446 4323 'Iac
465 4285 529 4322 ann.
543 4268 625 4324 1149.

343 4357 362 4427 ⁶)
382 4358 507 4414 Diels.

344 4448 364 4517 ⁷)
384 4447 450 4501 'lac
470 4448 487 4502 l.
501 4465 524 4502 s,
561 4447 631 4502 lllud
650 4448 785 4518 templum
805 4465 831 4502 a.
850 4448 876 4503 d.
895 4447 958 4501 XVI
978 4447 1033 4502 kal.
1054 4447 1131 4518 Sept.
1152 4446 1293 4501 'liberium
1319 4444 1413 4498 denuo
1439 4443 1509 4497 dedi·

194 4611 198 4622 ,
217 4535 345 4636 ⁴‚orruisse
365 4540 483 4632 apparet
502 4552 537 4592 ex
555 4535 639 4591 fastis
659 4536 811 4592 c.1.L.1²
829 4553 856 4607 p.
868 4536 930 4592 325.
