<?xml version="1.0" encoding="UTF-8"?>
<!DOCTYPE html PUBLIC "-//W3C//DTD XHTML 1.0 Transitional//EN"
    "http://www.w3.org/TR/xhtml1/DTD/xhtml1-transitional.dtd">
<html xmlns="http://www.w3.org/1999/xhtml" xml:lang="en" lang="en">
 <head>
  <title>
</title>
<meta http-equiv="Content-Type" content="text/html;charset=utf-8" />
  <meta name='ocr-system' content='tesseract 3.04.00' />
  <meta name='ocr-capabilities' content='ocr_page ocr_carea ocr_par ocr_line ocrx_word'/>
</head>
<body>
  <div class='ocr_page' id='page_1' title='image "./deincendiisurbi00werngoog_0085.png"; bbox 0 0 3208 4992; ppageno 0'>
   <div class='ocr_carea' id='block_1_1' title="bbox 594 279 818 348">
    <p class='ocr_par' dir='ltr' id='par_1_1' title="bbox 594 279 818 348">
     <span class='ocr_line' id='line_1_1' title="bbox 594 279 818 348; baseline -0.009 -18"><span class='ocrx_word' id='word_1_1' title='bbox 594 279 818 348; x_wconf 76' lang='lat'><strong>..33...</strong></span> 
     </span>
    </p>
   </div>
   <div class='ocr_carea' id='block_1_2' title="bbox 50 455 1351 3431">
    <p class='ocr_par' dir='ltr' id='par_1_2' title="bbox 50 455 1351 3431">
     <span class='ocr_line' id='line_1_2' title="bbox 166 455 1348 543; baseline 0.001 -20"><span class='ocrx_word' id='word_1_2' title='bbox 166 457 351 526; x_wconf 88' lang='lat' dir='ltr'><strong>Praeterea</strong></span> <span class='ocrx_word' id='word_1_3' title='bbox 376 457 521 526; x_wconf 86' lang='lat' dir='ltr'><strong>Romani</strong></span> <span class='ocrx_word' id='word_1_4' title='bbox 545 459 681 543; x_wconf 88' lang='lat' dir='ltr'><strong>ostia,</strong></span> <span class='ocrx_word' id='word_1_5' title='bbox 705 460 746 525; x_wconf 88' lang='lat' dir='ltr'><strong>ut</strong></span> <span class='ocrx_word' id='word_1_6' title='bbox 768 457 980 525; x_wconf 74' lang='lat' dir='ltr'><strong>calamitates</strong></span> <span class='ocrx_word' id='word_1_7' title='bbox 1003 457 1048 524; x_wconf 89' lang='lat' dir='ltr'><strong>ab</strong></span> <span class='ocrx_word' id='word_1_8' title='bbox 1071 455 1229 526; x_wconf 85' lang='lat' dir='ltr'><strong>aedificiis</strong></span> <span class='ocrx_word' id='word_1_9' title='bbox 1252 476 1348 524; x_wconf 86' lang='lat' dir='ltr'><strong>arcc-</strong></span> 
     </span>
     <span class='ocr_line' id='line_1_3' title="bbox 54 561 1349 653; baseline 0 -23"><span class='ocrx_word' id='word_1_10' title='bbox 54 568 142 648; x_wconf 86' lang='lat' dir='ltr'><strong>rcnt‚</strong></span> <span class='ocrx_word' id='word_1_11' title='bbox 170 564 415 653; x_wconf 88' lang='lat' dir='ltr'><strong>symbolice</strong></span> <span class='ocrx_word' id='word_1_12' title='bbox 440 567 780 633; x_wconf 87' lang='lat' dir='ltr'><strong>exornauerunt.</strong></span> <span class='ocrx_word' id='word_1_13' title='bbox 815 563 863 631; x_wconf 86' lang='lat' dir='ltr'><strong>Vt</strong></span> <span class='ocrx_word' id='word_1_14' title='bbox 886 565 975 632; x_wconf 84' lang='lat' dir='ltr'><strong>enim</strong></span> <span class='ocrx_word' id='word_1_15' title='bbox 998 561 1114 632; x_wconf 87' lang='lat' dir='ltr'><strong>domos</strong></span> <span class='ocrx_word' id='word_1_16' title='bbox 1137 562 1349 649; x_wconf 87' lang='lat' dir='ltr'><strong>potissimum</strong></span> 
     </span>
     <span class='ocr_line' id='line_1_4' title="bbox 54 668 1349 758; baseline 0 -20"><span class='ocrx_word' id='word_1_17' title='bbox 54 672 98 738; x_wconf 87' lang='lat' dir='ltr'><strong>ab</strong></span> <span class='ocrx_word' id='word_1_18' title='bbox 126 671 298 740; x_wconf 89' lang='lat' dir='ltr'><strong>incendiis</strong></span> <span class='ocrx_word' id='word_1_19' title='bbox 314 671 542 756; x_wconf 85' lang='lat' dir='ltr'><strong>defenderent,</strong></span> <span class='ocrx_word' id='word_1_20' title='bbox 559 669 688 738; x_wconf 85' lang='lat' dir='ltr'><strong>foribus</strong></span> <span class='ocrx_word' id='word_1_21' title='bbox 697 671 722 758; x_wconf 81' lang='grc'><strong>1)</strong></span> <span class='ocrx_word' id='word_1_22' title='bbox 745 668 912 738; x_wconf 86' lang='lat' dir='ltr'><strong>ululam</strong></span> <span class='ocrx_word' id='word_1_23' title='bbox 935 670 990 738; x_wconf 87' lang='lat' dir='ltr'><strong>uel</strong></span> <span class='ocrx_word' id='word_1_24' title='bbox 1013 669 1227 738; x_wconf 85' lang='lat' dir='ltr'><strong>bubonam</strong></span> <span class='ocrx_word' id='word_1_25' title='bbox 1244 669 1349 740; x_wconf 84' lang='lat' dir='ltr'><strong>clauis</strong></span> 
     </span>
     <span class='ocr_line' id='line_1_5' title="bbox 55 776 1349 865; baseline 0 -21"><span class='ocrx_word' id='word_1_26' title='bbox 55 777 217 846; x_wconf 77' lang='lat' dir='ltr'><strong>affixisse</strong></span> <span class='ocrx_word' id='word_1_27' title='bbox 242 800 301 846; x_wconf 92' lang='lat' dir='ltr'><strong>eos</strong></span> <span class='ocrx_word' id='word_1_28' title='bbox 324 779 473 846; x_wconf 80' lang='lat' dir='ltr'><strong>arbitror.</strong></span> <span class='ocrx_word' id='word_1_29' title='bbox 519 779 673 865; x_wconf 88' lang='lat' dir='ltr'><strong>Namque</strong></span> <span class='ocrx_word' id='word_1_30' title='bbox 704 779 800 846; x_wconf 90' lang='lat' dir='ltr'><strong>auis</strong></span> <span class='ocrx_word' id='word_1_31' title='bbox 830 776 1129 864; x_wconf 67' lang='lat' dir='ltr'><strong>incendiaria,</strong></span> <span class='ocrx_word' id='word_1_32' title='bbox 1160 777 1256 846; x_wconf 76' lang='lat' dir='ltr'><strong>corius</strong></span> <span class='ocrx_word' id='word_1_33' title='bbox 1278 776 1349 844; x_wconf 89' lang='lat' dir='ltr'><strong>Pli-</strong></span> 
     </span>
     <span class='ocr_line' id='line_1_6' title="bbox 53 883 1348 974; baseline -0.002 -22"><span class='ocrx_word' id='word_1_34' title='bbox 53 886 173 974; x_wconf 74' lang='lat' dir='ltr'><strong>nius,²)</strong></span> <span class='ocrx_word' id='word_1_35' title='bbox 200 885 305 972; x_wconf 80' lang='lat' dir='ltr'><strong>Dio,³)</strong></span> <span class='ocrx_word' id='word_1_36' title='bbox 327 885 431 952; x_wconf 92' lang='lat' dir='ltr'><strong>Iulius</strong></span> <span class='ocrx_word' id='word_1_37' title='bbox 448 883 684 973; x_wconf 80' lang='lat' dir='ltr'><strong>Obsequens,⁴)</strong></span> <span class='ocrx_word' id='word_1_38' title='bbox 710 883 921 972; x_wconf 89' lang='lat' dir='ltr'><strong>Lampridius</strong></span> <span class='ocrx_word' id='word_1_39' title='bbox 932 885 957 974; x_wconf 69' lang='grc' dir='ltr'><strong>ὓ)</strong></span> <span class='ocrx_word' id='word_1_40' title='bbox 980 884 1186 952; x_wconf 89' lang='lat' dir='ltr'><strong>mentionem</strong></span> <span class='ocrx_word' id='word_1_41' title='bbox 1207 883 1348 968; x_wconf 83' lang='lat' dir='ltr'><strong>iaciunt,</strong></span> 
     </span>
     <span class='ocr_line' id='line_1_7' title="bbox 53 989 1351 1080; baseline -0.001 -21"><span class='ocrx_word' id='word_1_42' title='bbox 53 993 119 1059; x_wconf 88' lang='lat' dir='ltr'><strong>nisi</strong></span> <span class='ocrx_word' id='word_1_43' title='bbox 146 992 242 1060; x_wconf 90' lang='lat' dir='ltr'><strong>bubo</strong></span> <span class='ocrx_word' id='word_1_44' title='bbox 267 991 403 1080; x_wconf 88' lang='lat' dir='ltr'><strong>quidam</strong></span> <span class='ocrx_word' id='word_1_45' title='bbox 426 991 672 1077; x_wconf 85' lang='lat' dir='ltr'><strong>intellegendus</strong></span> <span class='ocrx_word' id='word_1_46' title='bbox 695 989 829 1058; x_wconf 89' lang='lat' dir='ltr'><strong>uidetur</strong></span> <span class='ocrx_word' id='word_1_47' title='bbox 851 1013 920 1058; x_wconf 91' lang='lat' dir='ltr'><strong>non</strong></span> <span class='ocrx_word' id='word_1_48' title='bbox 944 1011 1029 1078; x_wconf 89' lang='lat' dir='ltr'><strong>osse,</strong></span> <span class='ocrx_word' id='word_1_49' title='bbox 1053 991 1088 1059; x_wconf 93' lang='lat' dir='ltr'><strong>id</strong></span> <span class='ocrx_word' id='word_1_50' title='bbox 1104 990 1193 1079; x_wconf 90' lang='lat' dir='ltr'><strong>quod</strong></span> <span class='ocrx_word' id='word_1_51' title='bbox 1209 993 1351 1078; x_wconf 90' lang='lat' dir='ltr'><strong>apparet</strong></span> 
     </span>
     <span class='ocr_line' id='line_1_8' title="bbox 54 1096 1348 1190; baseline -0.002 -24"><span class='ocrx_word' id='word_1_52' title='bbox 54 1121 95 1166; x_wconf 84' lang='lat' dir='ltr'><strong>ex</strong></span> <span class='ocrx_word' id='word_1_53' title='bbox 119 1099 228 1166; x_wconf 90' lang='lat' dir='ltr'><strong>Plinii</strong></span> <span class='ocrx_word' id='word_1_54' title='bbox 251 1099 364 1167; x_wconf 87' lang='lat' dir='ltr'><strong>uerbis</strong></span> <span class='ocrx_word' id='word_1_55' title='bbox 387 1119 474 1187; x_wconf 89' lang='lat' dir='ltr'><strong>quae</strong></span> <span class='ocrx_word' id='word_1_56' title='bbox 499 1102 596 1167; x_wconf 86' lang='lat' dir='ltr'><strong>sunt:</strong></span> <span class='ocrx_word' id='word_1_57' title='bbox 629 1099 864 1190; x_wconf 89' lang='lat' dir='ltr'><strong>„inauspicata</strong></span> <span class='ocrx_word' id='word_1_58' title='bbox 894 1100 947 1165; x_wconf 88' lang='lat' dir='ltr'><strong>est</strong></span> <span class='ocrx_word' id='word_1_59' title='bbox 977 1100 1014 1165; x_wconf 89' lang='lat' dir='ltr'><strong>et</strong></span> <span class='ocrx_word' id='word_1_60' title='bbox 1035 1096 1242 1166; x_wconf 81' lang='lat' dir='ltr'><strong>incendiaria</strong></span> <span class='ocrx_word' id='word_1_61' title='bbox 1263 1098 1348 1182; x_wconf 87' lang='lat' dir='ltr'><strong>auis,</strong></span> 
     </span>
     <span class='ocr_line' id='line_1_9' title="bbox 54 1203 1350 1295; baseline -0.001 -21"><span class='ocrx_word' id='word_1_62' title='bbox 54 1228 164 1294; x_wconf 87' lang='lat' dir='ltr'><strong>quam</strong></span> <span class='ocrx_word' id='word_1_63' title='bbox 189 1209 325 1295; x_wconf 87' lang='lat' dir='ltr'><strong>propter</strong></span> <span class='ocrx_word' id='word_1_64' title='bbox 348 1227 589 1294; x_wconf 86' lang='lat' dir='ltr'><strong>saepenumero</strong></span> <span class='ocrx_word' id='word_1_65' title='bbox 612 1206 792 1273; x_wconf 83' lang='lat' dir='ltr'><strong>lustratam</strong></span> <span class='ocrx_word' id='word_1_66' title='bbox 816 1206 932 1272; x_wconf 87' lang='lat' dir='ltr'><strong>urbem</strong></span> <span class='ocrx_word' id='word_1_67' title='bbox 956 1206 991 1272; x_wconf 93' lang='lat' dir='ltr'><strong>in</strong></span> <span class='ocrx_word' id='word_1_68' title='bbox 1015 1203 1194 1274; x_wconf 80' lang='lat' dir='ltr'><strong>annalibus</strong></span> <span class='ocrx_word' id='word_1_69' title='bbox 1217 1205 1350 1281; x_wconf 87' lang='lat' dir='ltr'><strong>inueni·</strong></span> 
     </span>
     <span class='ocr_line' id='line_1_10' title="bbox 53 1310 1350 1400; baseline -0.001 -20"><span class='ocrx_word' id='word_1_70' title='bbox 53 1335 144 1398; x_wconf 81' lang='lat' dir='ltr'><strong>mua,</strong></span> <span class='ocrx_word' id='word_1_71' title='bbox 172 1315 265 1381; x_wconf 89' lang='lat' dir='ltr'><strong>sicut</strong></span> <span class='ocrx_word' id='word_1_72' title='bbox 286 1313 322 1380; x_wconf 88' lang='lat' dir='ltr'><strong>L.</strong></span> <span class='ocrx_word' id='word_1_73' title='bbox 346 1312 462 1381; x_wconf 77' lang='lat' dir='ltr'><strong>Cassio</strong></span> <span class='ocrx_word' id='word_1_74' title='bbox 487 1312 519 1380; x_wconf 84' lang='lat' dir='ltr'><strong>O.</strong></span> <span class='ocrx_word' id='word_1_75' title='bbox 539 1312 645 1380; x_wconf 88' lang='lat' dir='ltr'><strong>Mario</strong></span> <span class='ocrx_word' id='word_1_76' title='bbox 669 1331 743 1397; x_wconf 83' lang='lat' dir='ltr'><strong>cos,</strong></span> <span class='ocrx_word' id='word_1_77' title='bbox 767 1333 833 1400; x_wconf 92' lang='lat' dir='ltr'><strong>quo</strong></span> <span class='ocrx_word' id='word_1_78' title='bbox 857 1332 947 1380; x_wconf 91' lang='lat' dir='ltr'><strong>anno</strong></span> <span class='ocrx_word' id='word_1_79' title='bbox 978 1310 1172 1400; x_wconf 73' lang='lat' dir='ltr'>(CXXXVII</span> <span class='ocrx_word' id='word_1_80' title='bbox 1203 1333 1233 1380; x_wconf 86' lang='lat' dir='ltr'><strong>a</strong></span> <span class='ocrx_word' id='word_1_81' title='bbox 1248 1311 1282 1380; x_wconf 80' lang='lat' dir='ltr'><strong>O.</strong></span> <span class='ocrx_word' id='word_1_82' title='bbox 1305 1312 1350 1400; x_wconf 92' lang='lat' dir='ltr'><strong>n.)</strong></span> 
     </span>
     <span class='ocr_line' id='line_1_11' title="bbox 50 1419 1351 1507; baseline 0.002 -22"><span class='ocrx_word' id='word_1_83' title='bbox 50 1422 89 1486; x_wconf 72' lang='lat' dir='ltr'><strong>vet</strong></span> <span class='ocrx_word' id='word_1_84' title='bbox 111 1419 257 1488; x_wconf 92' lang='lat' dir='ltr'><strong>bubone</strong></span> <span class='ocrx_word' id='word_1_85' title='bbox 279 1421 353 1488; x_wconf 90' lang='lat' dir='ltr'><strong>uiso</strong></span> <span class='ocrx_word' id='word_1_86' title='bbox 376 1420 556 1486; x_wconf 84' lang='lat' dir='ltr'><strong>lustratam</strong></span> <span class='ocrx_word' id='word_1_87' title='bbox 580 1441 664 1488; x_wconf 87' lang='lat' dir='ltr'><strong>esse.</strong></span> <span class='ocrx_word' id='word_1_88' title='bbox 689 1441 775 1507; x_wconf 88' lang='lat' dir='ltr'><strong>quae</strong></span> <span class='ocrx_word' id='word_1_89' title='bbox 792 1421 838 1486; x_wconf 90' lang='lat' dir='ltr'><strong>sit</strong></span> <span class='ocrx_word' id='word_1_90' title='bbox 853 1420 928 1486; x_wconf 88' lang='lat' dir='ltr'><strong>auis</strong></span> <span class='ocrx_word' id='word_1_91' title='bbox 945 1437 987 1486; x_wconf 90' lang='lat' dir='ltr'><strong>ea</strong></span> <span class='ocrx_word' id='word_1_92' title='bbox 1008 1440 1079 1487; x_wconf 93' lang='lat' dir='ltr'><strong>non</strong></span> <span class='ocrx_word' id='word_1_93' title='bbox 1100 1419 1266 1506; x_wconf 88' lang='lat' dir='ltr'><strong>reperitur</strong></span> <span class='ocrx_word' id='word_1_94' title='bbox 1287 1439 1351 1488; x_wconf 83' lang='lat' dir='ltr'><strong>nec</strong></span> 
     </span>
     <span class='ocr_line' id='line_1_12' title="bbox 52 1525 1350 1615; baseline 0.001 -22"><span class='ocrx_word' id='word_1_95' title='bbox 52 1525 216 1594; x_wconf 88' lang='lat' dir='ltr'><strong>traditur.</strong></span> <span class='ocrx_word' id='word_1_96' title='bbox 240 1526 376 1615; x_wconf 90' lang='lat' dir='ltr'><strong>quidam</strong></span> <span class='ocrx_word' id='word_1_97' title='bbox 399 1528 449 1594; x_wconf 88' lang='lat' dir='ltr'><strong>ita</strong></span> <span class='ocrx_word' id='word_1_98' title='bbox 470 1528 745 1614; x_wconf 87' lang='lat' dir='ltr'><strong>interpretantur,</strong></span> <span class='ocrx_word' id='word_1_99' title='bbox 769 1525 1008 1594; x_wconf 88' lang='lat' dir='ltr'><strong>incendiariam</strong></span> <span class='ocrx_word' id='word_1_100' title='bbox 1031 1545 1106 1593; x_wconf 91' lang='lat' dir='ltr'><strong>esse</strong></span> <span class='ocrx_word' id='word_1_101' title='bbox 1119 1543 1350 1615; x_wconf 90' lang='lat' dir='ltr'><strong>quaecumque</strong></span> 
     </span>
     <span class='ocr_line' id='line_1_13' title="bbox 52 1632 1350 1721; baseline 0.003 -22"><span class='ocrx_word' id='word_1_102' title='bbox 52 1633 257 1721; x_wconf 89' lang='lat' dir='ltr'><strong>apparuerit</strong></span> <span class='ocrx_word' id='word_1_103' title='bbox 277 1633 457 1702; x_wconf 86' lang='lat' dir='ltr'><strong>carbonem</strong></span> <span class='ocrx_word' id='word_1_104' title='bbox 471 1633 583 1701; x_wconf 86' lang='lat' dir='ltr'><strong>ferens</strong></span> <span class='ocrx_word' id='word_1_105' title='bbox 599 1655 642 1702; x_wconf 88' lang='lat' dir='ltr'><strong>ex</strong></span> <span class='ocrx_word' id='word_1_106' title='bbox 657 1635 723 1702; x_wconf 90' lang='lat' dir='ltr'><strong>aris</strong></span> <span class='ocrx_word' id='word_1_107' title='bbox 740 1632 796 1700; x_wconf 93' lang='lat' dir='ltr'><strong>uel</strong></span> <span class='ocrx_word' id='word_1_108' title='bbox 811 1633 1006 1701; x_wconf 86' lang='lat' dir='ltr'><strong>altaribus.“</strong></span> <span class='ocrx_word' id='word_1_109' title='bbox 1043 1633 1149 1714; x_wconf 81' lang='lat' dir='ltr'><strong>Quem</strong></span> <span class='ocrx_word' id='word_1_110' title='bbox 1172 1633 1218 1702; x_wconf 90' lang='lat' dir='ltr'><strong>ad</strong></span> <span class='ocrx_word' id='word_1_111' title='bbox 1240 1632 1350 1704; x_wconf 88' lang='lat' dir='ltr'><strong>locum</strong></span> 
     </span>
     <span class='ocr_line' id='line_1_14' title="bbox 52 1738 1349 1828; baseline 0.002 -23"><span class='ocrx_word' id='word_1_112' title='bbox 52 1739 258 1808; x_wconf 88' lang='lat' dir='ltr'><strong>Harduinus</strong></span> <span class='ocrx_word' id='word_1_113' title='bbox 281 1741 317 1807; x_wconf 92' lang='lat' dir='ltr'><strong>in</strong></span> <span class='ocrx_word' id='word_1_114' title='bbox 341 1739 486 1808; x_wconf 87' lang='lat' dir='ltr'><strong>editione</strong></span> <span class='ocrx_word' id='word_1_115' title='bbox 509 1741 609 1808; x_wconf 91' lang='lat' dir='ltr'><strong>Plinii</strong></span> <span class='ocrx_word' id='word_1_116' title='bbox 631 1741 716 1809; x_wconf 88' lang='lat' dir='ltr'><strong>haec</strong></span> <span class='ocrx_word' id='word_1_117' title='bbox 746 1740 904 1808; x_wconf 92' lang='lat' dir='ltr'><strong>adnotat:</strong></span> <span class='ocrx_word' id='word_1_118' title='bbox 939 1740 992 1824; x_wconf 94' lang='lat' dir='ltr'><strong>,id</strong></span> <span class='ocrx_word' id='word_1_119' title='bbox 1022 1738 1218 1828; x_wconf 86' lang='lat' dir='ltr'><strong>frequenter</strong></span> <span class='ocrx_word' id='word_1_120' title='bbox 1247 1739 1349 1808; x_wconf 93' lang='lat' dir='ltr'><strong>miluo</strong></span> 
     </span>
     <span class='ocr_line' id='line_1_15' title="bbox 54 1847 1349 1935; baseline 0.002 -23"><span class='ocrx_word' id='word_1_121' title='bbox 54 1847 293 1932; x_wconf 85' lang='lat' dir='ltr'><strong>contingebat,</strong></span> <span class='ocrx_word' id='word_1_122' title='bbox 332 1847 474 1935; x_wconf 90' lang='lat' dir='ltr'><strong>arreptis</strong></span> <span class='ocrx_word' id='word_1_123' title='bbox 514 1847 601 1914; x_wconf 85' lang='lat' dir='ltr'><strong>extis</strong></span> <span class='ocrx_word' id='word_1_124' title='bbox 641 1869 659 1914; x_wconf 91' lang='lat' dir='ltr'><strong>e</strong></span> <span class='ocrx_word' id='word_1_125' title='bbox 697 1847 778 1914; x_wconf 90' lang='lat' dir='ltr'><strong>ioris</strong></span> <span class='ocrx_word' id='word_1_126' title='bbox 818 1847 931 1932; x_wconf 89' lang='lat' dir='ltr'><strong>sacris,</strong></span> <span class='ocrx_word' id='word_1_127' title='bbox 971 1847 1072 1914; x_wconf 88' lang='lat' dir='ltr'><strong>simul</strong></span> <span class='ocrx_word' id='word_1_128' title='bbox 1110 1850 1150 1914; x_wconf 90' lang='lat' dir='ltr'><strong>ut</strong></span> <span class='ocrx_word' id='word_1_129' title='bbox 1187 1847 1349 1916; x_wconf 88' lang='lat' dir='ltr'><strong>carbones</strong></span> 
     </span>
     <span class='ocr_line' id='line_1_16' title="bbox 55 1953 1351 2042; baseline 0.002 -22"><span class='ocrx_word' id='word_1_130' title='bbox 55 1955 241 2022; x_wconf 84' lang='lat' dir='ltr'><strong>auferret“</strong></span> <span class='ocrx_word' id='word_1_131' title='bbox 281 1953 384 2038; x_wconf 88' lang='lat' dir='ltr'><strong>,Alii“</strong></span> <span class='ocrx_word' id='word_1_132' title='bbox 411 1955 461 2021; x_wconf 86' lang='lat' dir='ltr'><strong>ait</strong></span> <span class='ocrx_word' id='word_1_133' title='bbox 482 1953 611 2020; x_wconf 87' lang='lat' dir='ltr'><strong>Plinius</strong></span> <span class='ocrx_word' id='word_1_134' title='bbox 638 1955 899 2042; x_wconf 86' lang='lat' dir='ltr'><strong>„spinturnicem</strong></span> <span class='ocrx_word' id='word_1_135' title='bbox 923 1975 999 2022; x_wconf 86' lang='lat' dir='ltr'><strong>eam</strong></span> <span class='ocrx_word' id='word_1_136' title='bbox 1021 1959 1157 2039; x_wconf 88' lang='lat' dir='ltr'><strong>uocant,</strong></span> <span class='ocrx_word' id='word_1_137' title='bbox 1182 1953 1243 2022; x_wconf 90' lang='lat' dir='ltr'><strong>sed</strong></span> <span class='ocrx_word' id='word_1_138' title='bbox 1264 1954 1351 2022; x_wconf 88' lang='lat' dir='ltr'><strong>haec</strong></span> 
     </span>
     <span class='ocr_line' id='line_1_17' title="bbox 53 2060 1349 2150; baseline 0.002 -25"><span class='ocrx_word' id='word_1_139' title='bbox 53 2061 133 2147; x_wconf 91' lang='lat' dir='ltr'><strong>ipsa</strong></span> <span class='ocrx_word' id='word_1_140' title='bbox 159 2081 248 2150; x_wconf 87' lang='lat' dir='ltr'><strong>quae</strong></span> <span class='ocrx_word' id='word_1_141' title='bbox 272 2062 372 2145; x_wconf 89' lang='lat' dir='ltr'><strong>esset,</strong></span> <span class='ocrx_word' id='word_1_142' title='bbox 396 2061 485 2127; x_wconf 88' lang='lat' dir='ltr'><strong>inter</strong></span> <span class='ocrx_word' id='word_1_143' title='bbox 507 2082 590 2128; x_wconf 92' lang='lat' dir='ltr'><strong>aues</strong></span> <span class='ocrx_word' id='word_1_144' title='bbox 606 2061 664 2148; x_wconf 92' lang='lat' dir='ltr'><strong>qui</strong></span> <span class='ocrx_word' id='word_1_145' title='bbox 686 2082 723 2128; x_wconf 90' lang='lat' dir='ltr'><strong>se</strong></span> <span class='ocrx_word' id='word_1_146' title='bbox 747 2061 830 2128; x_wconf 93' lang='lat' dir='ltr'><strong>scire</strong></span> <span class='ocrx_word' id='word_1_147' title='bbox 847 2061 971 2129; x_wconf 86' lang='lat' dir='ltr'><strong>diceret</strong></span> <span class='ocrx_word' id='word_1_148' title='bbox 992 2082 1062 2129; x_wconf 94' lang='lat' dir='ltr'><strong>non</strong></span> <span class='ocrx_word' id='word_1_149' title='bbox 1085 2061 1229 2128; x_wconf 85' lang='lat' dir='ltr'><strong>inueni“</strong></span> <span class='ocrx_word' id='word_1_150' title='bbox 1256 2060 1349 2143; x_wconf 79' lang='lat' dir='ltr'><strong>Quae</strong></span> 
     </span>
     <span class='ocr_line' id='line_1_18' title="bbox 56 2167 1350 2256; baseline 0 -22"><span class='ocrx_word' id='word_1_151' title='bbox 56 2169 135 2236; x_wconf 88' lang='lat' dir='ltr'><strong>auis</strong></span> <span class='ocrx_word' id='word_1_152' title='bbox 160 2169 264 2235; x_wconf 87' lang='lat' dir='ltr'><strong>inerit</strong></span> <span class='ocrx_word' id='word_1_153' title='bbox 286 2167 478 2255; x_wconf 88' lang='lat' dir='ltr'><strong>spinturnix</strong></span> <span class='ocrx_word' id='word_1_154' title='bbox 509 2169 699 2235; x_wconf 86' lang='lat' dir='ltr'><strong>accuratius</strong></span> <span class='ocrx_word' id='word_1_155' title='bbox 730 2168 927 2252; x_wconf 80' lang='lat' dir='ltr'><strong>inuestigari</strong></span> <span class='ocrx_word' id='word_1_156' title='bbox 950 2188 1019 2236; x_wconf 92' lang='lat' dir='ltr'><strong>non</strong></span> <span class='ocrx_word' id='word_1_157' title='bbox 1042 2171 1164 2255; x_wconf 87' lang='lat' dir='ltr'><strong>potest.</strong></span> <span class='ocrx_word' id='word_1_158' title='bbox 1209 2169 1311 2236; x_wconf 79' lang='lat' dir='ltr'><strong>Festo</strong></span> <span class='ocrx_word' id='word_1_159' title='bbox 1323 2168 1350 2256; x_wconf 71' lang='grc' dir='ltr'><strong>ο)</strong></span> 
     </span>
     <span class='ocr_line' id='line_1_19' title="bbox 56 2273 1350 2362; baseline 0.001 -22"><span class='ocrx_word' id='word_1_160' title='bbox 56 2275 152 2342; x_wconf 90' lang='lat' dir='ltr'><strong>enim</strong></span> <span class='ocrx_word' id='word_1_161' title='bbox 184 2278 275 2343; x_wconf 86' lang='lat' dir='ltr'><strong>teste</strong></span> <span class='ocrx_word' id='word_1_162' title='bbox 306 2277 360 2342; x_wconf 88' lang='lat' dir='ltr'><strong>est</strong></span> <span class='ocrx_word' id='word_1_163' title='bbox 393 2274 591 2362; x_wconf 89' lang='lat' dir='ltr'><strong>,spintirnix</strong></span> <span class='ocrx_word' id='word_1_164' title='bbox 621 2295 727 2359; x_wconf 84' lang='lat' dir='ltr'><strong>genus</strong></span> <span class='ocrx_word' id='word_1_165' title='bbox 759 2273 833 2340; x_wconf 90' lang='lat' dir='ltr'><strong>auis</strong></span> <span class='ocrx_word' id='word_1_166' title='bbox 856 2274 965 2362; x_wconf 89' lang='lat' dir='ltr'><strong>turpis</strong></span> <span class='ocrx_word' id='word_1_167' title='bbox 987 2274 1134 2360; x_wconf 82' lang='lat' dir='ltr'><strong>iigurae;</strong></span> <span class='ocrx_word' id='word_1_168' title='bbox 1158 2295 1201 2342; x_wconf 88' lang='lat' dir='ltr'><strong>ca</strong></span> <span class='ocrx_word' id='word_1_169' title='bbox 1224 2274 1350 2343; x_wconf 84' lang='lat' dir='ltr'><strong>Graece</strong></span> 
     </span>
     <span class='ocr_line' id='line_1_20' title="bbox 57 2380 1349 2468; baseline 0 -21"><span class='ocrx_word' id='word_1_170' title='bbox 57 2381 193 2465; x_wconf 90' lang='lat' dir='ltr'><strong>dicitur,</strong></span> <span class='ocrx_word' id='word_1_171' title='bbox 216 2384 257 2449; x_wconf 91' lang='lat' dir='ltr'><strong>ut</strong></span> <span class='ocrx_word' id='word_1_172' title='bbox 280 2383 330 2449; x_wconf 90' lang='lat' dir='ltr'><strong>ait</strong></span> <span class='ocrx_word' id='word_1_173' title='bbox 346 2380 479 2467; x_wconf 85' lang='lat' dir='ltr'><strong>Santra,</strong></span> <span class='ocrx_word' id='word_1_174' title='bbox 504 2383 700 2468; x_wconf 77' lang='grc' dir='ltr'><strong><em>σπινθαρίς“.</em></strong></span> <span class='ocrx_word' id='word_1_175' title='bbox 724 2380 917 2447; x_wconf 89' lang='lat' dir='ltr'><strong>Harduinus</strong></span> <span class='ocrx_word' id='word_1_176' title='bbox 941 2383 1056 2448; x_wconf 88' lang='lat' dir='ltr'><strong>autem</strong></span> <span class='ocrx_word' id='word_1_177' title='bbox 1079 2380 1181 2449; x_wconf 89' lang='lat' dir='ltr'><strong>huius</strong></span> <span class='ocrx_word' id='word_1_178' title='bbox 1203 2381 1349 2448; x_wconf 88' lang='lat' dir='ltr'><strong>nominis</strong></span> 
     </span>
     <span class='ocr_line' id='line_1_21' title="bbox 56 2486 1348 2578; baseline 0 -24"><span class='ocrx_word' id='word_1_179' title='bbox 56 2489 225 2573; x_wconf 84' lang='lat' dir='ltr'><strong>originem</strong></span> <span class='ocrx_word' id='word_1_180' title='bbox 254 2488 413 2578; x_wconf 89' lang='lat' dir='ltr'><strong>repetiuit</strong></span> <span class='ocrx_word' id='word_1_181' title='bbox 443 2490 528 2572; x_wconf 73' lang='lat' dir='ltr'><strong>,dab</strong></span> <span class='ocrx_word' id='word_1_182' title='bbox 557 2497 614 2554; x_wconf 75' lang='grc' dir='ltr'><strong>τοῦ</strong></span> <span class='ocrx_word' id='word_1_183' title='bbox 645 2491 822 2574; x_wconf 54' lang='grc' dir='ltr'><strong><em>σπινθῆρος</em></strong></span> <span class='ocrx_word' id='word_1_184' title='bbox 849 2509 870 2556; x_wconf 89' lang='lat' dir='ltr'><strong>a</strong></span> <span class='ocrx_word' id='word_1_185' title='bbox 901 2486 1047 2555; x_wconf 89' lang='lat' dir='ltr'><strong>scintilla</strong></span> <span class='ocrx_word' id='word_1_186' title='bbox 1085 2488 1157 2554; x_wconf 92' lang='lat' dir='ltr'><strong>siue</strong></span> <span class='ocrx_word' id='word_1_187' title='bbox 1194 2486 1348 2573; x_wconf 83' lang='lat' dir='ltr'><strong>igniculo,</strong></span> 
     </span>
     <span class='ocr_line' id='line_1_22' title="bbox 57 2593 1349 2683; baseline -0.001 -22"><span class='ocrx_word' id='word_1_188' title='bbox 57 2615 164 2682; x_wconf 92' lang='lat' dir='ltr'><strong>quem</strong></span> <span class='ocrx_word' id='word_1_189' title='bbox 199 2596 273 2662; x_wconf 89' lang='lat' dir='ltr'><strong>auis</strong></span> <span class='ocrx_word' id='word_1_190' title='bbox 309 2595 464 2681; x_wconf 84' lang='lat' dir='ltr'><strong>deferret,</strong></span> <span class='ocrx_word' id='word_1_191' title='bbox 500 2616 719 2683; x_wconf 91' lang='lat' dir='ltr'><strong>quaecunque</strong></span> <span class='ocrx_word' id='word_1_192' title='bbox 750 2617 792 2662; x_wconf 92' lang='lat' dir='ltr'><strong>ea</strong></span> <span class='ocrx_word' id='word_1_193' title='bbox 826 2598 926 2681; x_wconf 88' lang='lat' dir='ltr'><strong>esset,</strong></span> <span class='ocrx_word' id='word_1_194' title='bbox 962 2593 1168 2661; x_wconf 86' lang='lat' dir='ltr'><strong>incendiaria</strong></span> <span class='ocrx_word' id='word_1_195' title='bbox 1202 2613 1243 2661; x_wconf 90' lang='lat' dir='ltr'><strong>ea</strong></span> <span class='ocrx_word' id='word_1_196' title='bbox 1277 2594 1349 2660; x_wconf 90' lang='lat' dir='ltr'><strong>siue</strong></span> 
     </span>
     <span class='ocr_line' id='line_1_23' title="bbox 56 2698 1350 2789; baseline 0 -22"><span class='ocrx_word' id='word_1_197' title='bbox 56 2700 242 2771; x_wconf 83' lang='lat' dir='ltr'><strong>bustuario</strong></span> <span class='ocrx_word' id='word_1_198' title='bbox 265 2703 467 2770; x_wconf 86' lang='lat' dir='ltr'><strong>dicebatur.“</strong></span> <span class='ocrx_word' id='word_1_199' title='bbox 504 2704 554 2768; x_wconf 89' lang='lat' dir='ltr'><strong>Ac</strong></span> <span class='ocrx_word' id='word_1_200' title='bbox 577 2723 620 2768; x_wconf 92' lang='lat' dir='ltr'><strong>ne</strong></span> <span class='ocrx_word' id='word_1_201' title='bbox 642 2700 724 2768; x_wconf 92' lang='lat' dir='ltr'><strong>illud</strong></span> <span class='ocrx_word' id='word_1_202' title='bbox 747 2701 882 2789; x_wconf 87' lang='lat' dir='ltr'><strong>quidem</strong></span> <span class='ocrx_word' id='word_1_203' title='bbox 906 2703 960 2768; x_wconf 87' lang='lat' dir='ltr'><strong>cst</strong></span> <span class='ocrx_word' id='word_1_204' title='bbox 981 2699 1236 2786; x_wconf 83' lang='lat' dir='ltr'><strong>neglegendum,</strong></span> <span class='ocrx_word' id='word_1_205' title='bbox 1261 2698 1350 2789; x_wconf 90' lang='lat' dir='ltr'><strong>quod</strong></span> 
     </span>
     <span class='ocr_line' id='line_1_24' title="bbox 58 2807 1350 2894; baseline -0.001 -20"><span class='ocrx_word' id='word_1_206' title='bbox 58 2807 203 2877; x_wconf 88' lang='lat' dir='ltr'><strong>Seruius</strong></span> <span class='ocrx_word' id='word_1_207' title='bbox 234 2809 278 2876; x_wconf 88' lang='lat' dir='ltr'><strong>ad</strong></span> <span class='ocrx_word' id='word_1_208' title='bbox 302 2809 399 2893; x_wconf 83' lang='lat' dir='ltr'><strong>Verg.</strong></span> <span class='ocrx_word' id='word_1_209' title='bbox 426 2810 511 2875; x_wconf 86' lang='lat' dir='ltr'><strong>Aen.</strong></span> <span class='ocrx_word' id='word_1_210' title='bbox 533 2807 580 2875; x_wconf 97' lang='lat' dir='ltr'><strong>IV</strong></span> <span class='ocrx_word' id='word_1_211' title='bbox 602 2808 668 2876; x_wconf 83' lang='lat'><strong>462</strong></span> <span class='ocrx_word' id='word_1_212' title='bbox 700 2809 893 2876; x_wconf 86' lang='lat' dir='ltr'><strong>adnotauit:</strong></span> <span class='ocrx_word' id='word_1_213' title='bbox 929 2829 1032 2894; x_wconf 88' lang='lat' dir='ltr'><strong>,sanc</strong></span> <span class='ocrx_word' id='word_1_214' title='bbox 1063 2808 1162 2893; x_wconf 91' lang='lat' dir='ltr'><strong>bubo,</strong></span> <span class='ocrx_word' id='word_1_215' title='bbox 1195 2809 1225 2875; x_wconf 93' lang='lat' dir='ltr'><strong>si</strong></span> <span class='ocrx_word' id='word_1_216' title='bbox 1255 2807 1350 2874; x_wconf 88' lang='lat' dir='ltr'><strong>cuius</strong></span> 
     </span>
     <span class='ocr_line' id='line_1_25' title="bbox 59 2914 1350 3001; baseline -0.001 -19"><span class='ocrx_word' id='word_1_217' title='bbox 59 2916 166 2985; x_wconf 90' lang='lat' dir='ltr'><strong>aedes</strong></span> <span class='ocrx_word' id='word_1_218' title='bbox 196 2915 356 2984; x_wconf 89' lang='lat' dir='ltr'><strong>insederit</strong></span> <span class='ocrx_word' id='word_1_219' title='bbox 387 2917 422 2983; x_wconf 90' lang='lat' dir='ltr'><strong>et</strong></span> <span class='ocrx_word' id='word_1_220' title='bbox 451 2935 570 2984; x_wconf 91' lang='lat' dir='ltr'><strong>uocem</strong></span> <span class='ocrx_word' id='word_1_221' title='bbox 599 2916 735 3001; x_wconf 88' lang='lat' dir='ltr'><strong>miserit,</strong></span> <span class='ocrx_word' id='word_1_222' title='bbox 766 2920 908 2983; x_wconf 89' lang='lat' dir='ltr'><strong>mortem</strong></span> <span class='ocrx_word' id='word_1_223' title='bbox 939 2914 1128 3001; x_wconf 82' lang='lat' dir='ltr'><strong>significare</strong></span> <span class='ocrx_word' id='word_1_224' title='bbox 1161 2914 1289 2999; x_wconf 93' lang='lat' dir='ltr'><strong>dicitur,</strong></span> <span class='ocrx_word' id='word_1_225' title='bbox 1320 2914 1350 2981; x_wconf 92' lang='lat' dir='ltr'><strong>si</strong></span> 
     </span>
     <span class='ocr_line' id='line_1_26' title="bbox 59 3018 1349 3109; baseline 0 -21"><span class='ocrx_word' id='word_1_226' title='bbox 59 3027 180 3091; x_wconf 90' lang='lat' dir='ltr'><strong>autem</strong></span> <span class='ocrx_word' id='word_1_227' title='bbox 204 3022 245 3090; x_wconf 94' lang='lat' dir='ltr'><strong>de</strong></span> <span class='ocrx_word' id='word_1_228' title='bbox 277 3024 378 3090; x_wconf 88' lang='lat' dir='ltr'><strong>busto</strong></span> <span class='ocrx_word' id='word_1_229' title='bbox 411 3021 530 3090; x_wconf 87' lang='lat' dir='ltr'><strong>sudem</strong></span> <span class='ocrx_word' id='word_1_230' title='bbox 560 3021 603 3089; x_wconf 92' lang='lat' dir='ltr'><strong>ad</strong></span> <span class='ocrx_word' id='word_1_231' title='bbox 633 3025 761 3091; x_wconf 89' lang='lat' dir='ltr'><strong>tectum</strong></span> <span class='ocrx_word' id='word_1_232' title='bbox 792 3023 959 3109; x_wconf 90' lang='lat' dir='ltr'><strong>detulerit,</strong></span> <span class='ocrx_word' id='word_1_233' title='bbox 990 3021 1181 3089; x_wconf 90' lang='lat' dir='ltr'><strong>incendium</strong></span> <span class='ocrx_word' id='word_1_234' title='bbox 1209 3018 1349 3089; x_wconf 88' lang='lat' dir='ltr'><strong>aedibus</strong></span> 
     </span>
     <span class='ocr_line' id='line_1_27' title="bbox 58 3128 1349 3217; baseline -0.002 -20"><span class='ocrx_word' id='word_1_235' title='bbox 58 3128 290 3216; x_wconf 89' lang='lat' dir='ltr'><strong>portenderc.“</strong></span> <span class='ocrx_word' id='word_1_236' title='bbox 339 3129 391 3196; x_wconf 79' lang='lat' dir='ltr'><strong>llx</strong></span> <span class='ocrx_word' id='word_1_237' title='bbox 421 3130 474 3196; x_wconf 89' lang='lat' dir='ltr'><strong>his</strong></span> <span class='ocrx_word' id='word_1_238' title='bbox 504 3129 603 3215; x_wconf 83' lang='lat' dir='ltr'><strong>igitur</strong></span> <span class='ocrx_word' id='word_1_239' title='bbox 627 3151 713 3217; x_wconf 91' lang='lat' dir='ltr'><strong>quac</strong></span> <span class='ocrx_word' id='word_1_240' title='bbox 737 3129 807 3197; x_wconf 86' lang='lat' dir='ltr'><strong>dixi</strong></span> <span class='ocrx_word' id='word_1_241' title='bbox 837 3130 922 3197; x_wconf 88' lang='lat' dir='ltr'><strong>satis</strong></span> <span class='ocrx_word' id='word_1_242' title='bbox 954 3149 1113 3217; x_wconf 89' lang='lat' dir='ltr'><strong>apparere</strong></span> <span class='ocrx_word' id='word_1_243' title='bbox 1143 3133 1226 3216; x_wconf 89' lang='lat' dir='ltr'><strong>puto</strong></span> <span class='ocrx_word' id='word_1_244' title='bbox 1250 3148 1349 3196; x_wconf 89' lang='lat' dir='ltr'><strong>auem</strong></span> 
     </span>
     <span class='ocr_line' id='line_1_28' title="bbox 58 3235 1349 3325; baseline -0.002 -23"><span class='ocrx_word' id='word_1_245' title='bbox 58 3236 302 3306; x_wconf 89' lang='lat' dir='ltr'><strong>incendiariam</strong></span> <span class='ocrx_word' id='word_1_246' title='bbox 325 3237 494 3304; x_wconf 91' lang='lat' dir='ltr'><strong>bubonem</strong></span> <span class='ocrx_word' id='word_1_247' title='bbox 517 3237 685 3325; x_wconf 92' lang='lat' dir='ltr'><strong>quendam</strong></span> <span class='ocrx_word' id='word_1_248' title='bbox 708 3257 782 3304; x_wconf 86' lang='lat' dir='ltr'><strong>osse</strong></span> <span class='ocrx_word' id='word_1_249' title='bbox 805 3235 1074 3322; x_wconf 83' lang='lat' dir='ltr'><strong>intellegendum.</strong></span> <span class='ocrx_word' id='word_1_250' title='bbox 1121 3235 1203 3303; x_wconf 84' lang='lat' dir='ltr'><strong>Gum</strong></span> <span class='ocrx_word' id='word_1_251' title='bbox 1234 3238 1349 3302; x_wconf 88' lang='lat' dir='ltr'><strong>autern</strong></span> 
     </span>
     <span class='ocr_line' id='line_1_29' title="bbox 61 3341 1114 3431; baseline 0 -22"><span class='ocrx_word' id='word_1_252' title='bbox 61 3346 139 3411; x_wconf 87' lang='lat' dir='ltr'><strong>auis</strong></span> <span class='ocrx_word' id='word_1_253' title='bbox 162 3343 368 3411; x_wconf 89' lang='lat' dir='ltr'><strong>incendiaria</strong></span> <span class='ocrx_word' id='word_1_254' title='bbox 390 3344 426 3410; x_wconf 94' lang='lat' dir='ltr'><strong>in</strong></span> <span class='ocrx_word' id='word_1_255' title='bbox 448 3344 530 3410; x_wconf 90' lang='lat' dir='ltr'><strong>urbe</strong></span> <span class='ocrx_word' id='word_1_256' title='bbox 553 3343 741 3429; x_wconf 88' lang='lat' dir='ltr'><strong>uidebatur,</strong></span> <span class='ocrx_word' id='word_1_257' title='bbox 766 3343 846 3410; x_wconf 89' lang='lat' dir='ltr'><strong>urbs</strong></span> <span class='ocrx_word' id='word_1_258' title='bbox 868 3341 1114 3431; x_wconf 57' lang='lat' dir='ltr'><strong>lustrabaturff)</strong></span> 
     </span>
    </p>
   </div>
   <div class='ocr_carea' id='block_1_3' title="bbox 65 3467 1348 3664">
    <p class='ocr_par' dir='ltr' id='par_1_3' title="bbox 65 3467 1348 3664">
     <span class='ocr_line' id='line_1_30' title="bbox 175 3467 1348 3562; baseline -0.003 -27"><span class='ocrx_word' id='word_1_259' title='bbox 175 3467 240 3535; x_wconf 86' lang='lat' dir='ltr'><strong>Sed</strong></span> <span class='ocrx_word' id='word_1_260' title='bbox 278 3469 422 3562; x_wconf 82' lang='lat' dir='ltr'><strong>Romani</strong></span> <span class='ocrx_word' id='word_1_261' title='bbox 460 3467 504 3535; x_wconf 91' lang='lat' dir='ltr'><strong>ad</strong></span> <span class='ocrx_word' id='word_1_262' title='bbox 542 3489 617 3535; x_wconf 88' lang='lat' dir='ltr'><strong>eam</strong></span> <span class='ocrx_word' id='word_1_263' title='bbox 663 3468 935 3556; x_wconf 87' lang='lat' dir='ltr'><strong>superstitionem</strong></span> <span class='ocrx_word' id='word_1_264' title='bbox 973 3469 1054 3534; x_wconf 89' lang='lat' dir='ltr'><strong>sunt</strong></span> <span class='ocrx_word' id='word_1_265' title='bbox 1091 3467 1270 3554; x_wconf 79' lang='lat' dir='ltr'><strong>progressi,</strong></span> <span class='ocrx_word' id='word_1_266' title='bbox 1308 3468 1348 3532; x_wconf 92' lang='lat' dir='ltr'><strong>ut</strong></span> 
     </span>
     <span class='ocr_line' id='line_1_31' title="bbox 65 3572 1347 3664; baseline -0.002 -22"><span class='ocrx_word' id='word_1_267' title='bbox 65 3574 243 3658; x_wconf 88' lang='lat' dir='ltr'><strong>,incendia</strong></span> <span class='ocrx_word' id='word_1_268' title='bbox 264 3576 354 3643; x_wconf 85' lang='lat' dir='ltr'><strong>inter</strong></span> <span class='ocrx_word' id='word_1_269' title='bbox 376 3574 493 3664; x_wconf 90' lang='lat' dir='ltr'><strong>epulas</strong></span> <span class='ocrx_word' id='word_1_270' title='bbox 516 3575 691 3643; x_wconf 88' lang='lat' dir='ltr'><strong>nominata</strong></span> <span class='ocrx_word' id='word_1_271' title='bbox 714 3576 810 3662; x_wconf 86' lang='lat' dir='ltr'><strong>aquis</strong></span> <span class='ocrx_word' id='word_1_272' title='bbox 834 3575 897 3641; x_wconf 89' lang='lat' dir='ltr'><strong>sub</strong></span> <span class='ocrx_word' id='word_1_273' title='bbox 922 3595 1075 3642; x_wconf 89' lang='lat' dir='ltr'><strong>mensam</strong></span> <span class='ocrx_word' id='word_1_274' title='bbox 1097 3572 1242 3661; x_wconf 84' lang='lat' dir='ltr'><strong>profusis</strong></span> <span class='ocrx_word' id='word_1_275' title='bbox 1266 3572 1347 3640; x_wconf 88' lang='lat' dir='ltr'><strong>abo·</strong></span> 
     </span>
    </p>
   </div>
   <div class='ocr_carea' id='block_1_4' title="bbox 67 3859 1349 4714">
    <p class='ocr_par' dir='ltr' id='par_1_4' title="bbox 174 3859 803 3931">
     <span class='ocr_line' id='line_1_32' title="bbox 174 3859 803 3931; baseline 0.005 -17"><span class='ocrx_word' id='word_1_276' title='bbox 174 3860 193 3931; x_wconf 81' lang='grc'><strong>1)</strong></span> <span class='ocrx_word' id='word_1_277' title='bbox 211 3859 295 3931; x_wconf 82' lang='lat' dir='ltr'><strong>Apul.</strong></span> <span class='ocrx_word' id='word_1_278' title='bbox 314 3863 429 3916; x_wconf 87' lang='lat' dir='ltr'><strong>metam.</strong></span> <span class='ocrx_word' id='word_1_279' title='bbox 448 3859 489 3916; x_wconf 91' lang='lat'><strong>111</strong></span> <span class='ocrx_word' id='word_1_280' title='bbox 506 3860 551 3917; x_wconf 77' lang='lat'><strong>28.</strong></span> <span class='ocrx_word' id='word_1_281' title='bbox 573 3860 680 3918; x_wconf 74' lang='lat' dir='ltr'><strong>Uolum.</strong></span> <span class='ocrx_word' id='word_1_282' title='bbox 698 3859 724 3915; x_wconf 87' lang='lat' dir='ltr'>X</span> <span class='ocrx_word' id='word_1_283' title='bbox 741 3859 803 3917; x_wconf 74' lang='lat'><strong>349.</strong></span> 
     </span>
    </p>

    <p class='ocr_par' dir='ltr' id='par_1_5' title="bbox 173 3948 485 4020">
     <span class='ocr_line' id='line_1_33' title="bbox 173 3948 485 4020; baseline 0.003 -16"><span class='ocrx_word' id='word_1_284' title='bbox 173 3948 194 4020; x_wconf 78' lang='grc' dir='ltr'><strong>Ι)</strong></span> <span class='ocrx_word' id='word_1_285' title='bbox 213 3949 284 4006; x_wconf 88' lang='lat' dir='ltr'><strong>Plin.</strong></span> <span class='ocrx_word' id='word_1_286' title='bbox 303 3967 330 4007; x_wconf 92' lang='lat' dir='ltr'><strong>n.</strong></span> <span class='ocrx_word' id='word_1_287' title='bbox 349 3949 378 4005; x_wconf 89' lang='lat' dir='ltr'><strong>h.</strong></span> <span class='ocrx_word' id='word_1_288' title='bbox 397 3949 423 4005; x_wconf 86' lang='lat' dir='ltr'>X</span> <span class='ocrx_word' id='word_1_289' title='bbox 440 3949 485 4005; x_wconf 81' lang='grc'><strong>36.</strong></span> 
     </span>
    </p>

    <p class='ocr_par' dir='ltr' id='par_1_6' title="bbox 173 4037 457 4110">
     <span class='ocr_line' id='line_1_34' title="bbox 173 4037 457 4110; baseline -0.007 -16"><span class='ocrx_word' id='word_1_290' title='bbox 173 4039 193 4110; x_wconf 76' lang='lat'><strong>⁸)</strong></span> <span class='ocrx_word' id='word_1_291' title='bbox 212 4037 265 4094; x_wconf 88' lang='lat' dir='ltr'><strong>Dio</strong></span> <span class='ocrx_word' id='word_1_292' title='bbox 285 4038 360 4094; x_wconf 84' lang='lat' dir='ltr'><strong>LXX</strong></span> <span class='ocrx_word' id='word_1_293' title='bbox 377 4037 457 4108; x_wconf 80' lang='lat'><strong>24,1.</strong></span> 
     </span>
    </p>

    <p class='ocr_par' dir='ltr' id='par_1_7' title="bbox 172 4125 488 4198">
     <span class='ocr_line' id='line_1_35' title="bbox 172 4125 488 4198; baseline 0 -15"><span class='ocrx_word' id='word_1_294' title='bbox 172 4126 193 4197; x_wconf 69' lang='grc'><strong>4)</strong></span> <span class='ocrx_word' id='word_1_295' title='bbox 213 4127 403 4184; x_wconf 79' lang='lat' dir='ltr'><strong>1ul.0os.40</strong></span> <span class='ocrx_word' id='word_1_296' title='bbox 425 4125 488 4198; x_wconf 77' lang='lat'><strong>[271.</strong></span> 
     </span>
    </p>

    <p class='ocr_par' dir='ltr' id='par_1_8' title="bbox 173 4216 494 4286">
     <span class='ocr_line' id='line_1_36' title="bbox 173 4216 494 4286; baseline 0 -14"><span class='ocrx_word' id='word_1_297' title='bbox 173 4217 193 4286; x_wconf 68' lang='grc' dir='ltr'><strong>ι)</strong></span> <span class='ocrx_word' id='word_1_298' title='bbox 212 4216 264 4273; x_wconf 88' lang='lat' dir='ltr'><strong>uit.</strong></span> <span class='ocrx_word' id='word_1_299' title='bbox 286 4216 432 4272; x_wconf 78' lang='lat' dir='ltr'><strong>commod.</strong></span> <span class='ocrx_word' id='word_1_300' title='bbox 453 4216 494 4272; x_wconf 86' lang='grc'><strong>16.</strong></span> 
     </span>
    </p>

    <p class='ocr_par' dir='ltr' id='par_1_9' title="bbox 172 4300 1349 4377">
     <span class='ocr_line' id='line_1_37' title="bbox 172 4300 1349 4377; baseline -0.003 -15"><span class='ocrx_word' id='word_1_301' title='bbox 172 4305 193 4376; x_wconf 76' lang='lat'><strong>⁸)</strong></span> <span class='ocrx_word' id='word_1_302' title='bbox 212 4307 315 4362; x_wconf 77' lang='lat' dir='ltr'><strong>Festus</strong></span> <span class='ocrx_word' id='word_1_303' title='bbox 333 4321 360 4377; x_wconf 93' lang='lat' dir='ltr'><strong>p.</strong></span> <span class='ocrx_word' id='word_1_304' title='bbox 379 4305 441 4362; x_wconf 78' lang='lat'><strong>331.</strong></span> <span class='ocrx_word' id='word_1_305' title='bbox 460 4304 521 4361; x_wconf 79' lang='grc'><strong>833.</strong></span> <span class='ocrx_word' id='word_1_306' title='bbox 541 4305 576 4361; x_wconf 87' lang='lat' dir='ltr'><strong>de</strong></span> <span class='ocrx_word' id='word_1_307' title='bbox 603 4305 777 4377; x_wconf 88' lang='lat' dir='ltr'><strong>spinturnice</strong></span> <span class='ocrx_word' id='word_1_308' title='bbox 810 4303 879 4361; x_wconf 82' lang='lat' dir='ltr'><strong>coni</strong></span> <span class='ocrx_word' id='word_1_309' title='bbox 905 4303 991 4360; x_wconf 87' lang='lat' dir='ltr'><strong>etiam</strong></span> <span class='ocrx_word' id='word_1_310' title='bbox 1020 4301 1122 4375; x_wconf 82' lang='lat' dir='ltr'><strong>chb</strong></span> <span class='ocrx_word' id='word_1_311' title='bbox 1140 4301 1242 4358; x_wconf 89' lang='lat' dir='ltr'><strong>Philol.</strong></span> <span class='ocrx_word' id='word_1_312' title='bbox 1260 4300 1349 4358; x_wconf 85' lang='lat' dir='ltr'>XXXI</span> 
     </span>
    </p>

    <p class='ocr_par' dir='ltr' id='par_1_10' title="bbox 67 4413 1349 4646">
     <span class='ocr_line' id='line_1_38' title="bbox 154 4413 1349 4554; baseline -0.004 -15"><span class='ocrx_word' id='word_1_313' title='bbox 154 4413 191 4554; x_wconf 63' lang='grc' dir='ltr'><strong>Ρ)</strong></span> <span class='ocrx_word' id='word_1_314' title='bbox 210 4482 369 4550; x_wconf 79' lang='lat' dir='ltr'><strong>Willrcr,</strong></span> <span class='ocrx_word' id='word_1_315' title='bbox 389 4483 442 4538; x_wconf 83' lang='lat' dir='ltr'><strong>llis</strong></span> <span class='ocrx_word' id='word_1_316' title='bbox 453 4481 676 4552; x_wconf 79' lang='lat' dir='ltr'><strong>geschichtliche</strong></span> <span class='ocrx_word' id='word_1_317' title='bbox 687 4481 886 4552; x_wconf 77' lang='lat' dir='ltr'><strong>Entwiclrlung</strong></span> <span class='ocrx_word' id='word_1_318' title='bbox 898 4482 948 4538; x_wconf 89' lang='lat' dir='ltr'><strong>des</strong></span> <span class='ocrx_word' id='word_1_319' title='bbox 958 4481 1219 4552; x_wconf 79' lang='lat' dir='ltr'><strong>Prodigienwesens</strong></span> <span class='ocrx_word' id='word_1_320' title='bbox 1237 4479 1282 4536; x_wconf 85' lang='lat' dir='ltr'><strong>bei</strong></span> <span class='ocrx_word' id='word_1_321' title='bbox 1294 4479 1349 4535; x_wconf 89' lang='lat' dir='ltr'><strong>don</strong></span> 
     </span>
     <span class='ocr_line' id='line_1_39' title="bbox 67 4571 387 4646; baseline 0.003 -19"><span class='ocrx_word' id='word_1_322' title='bbox 67 4571 187 4628; x_wconf 80' lang='lat' dir='ltr'><strong>Rimern</strong></span> <span class='ocrx_word' id='word_1_323' title='bbox 208 4572 278 4629; x_wconf 78' lang='lat'>1903</span> <span class='ocrx_word' id='word_1_324' title='bbox 296 4590 322 4646; x_wconf 91' lang='lat' dir='ltr'><strong>p.</strong></span> <span class='ocrx_word' id='word_1_325' title='bbox 344 4572 387 4629; x_wconf 77' lang='grc' dir='ltr'><strong>Π.</strong></span> 
     </span>
    </p>

    <p class='ocr_par' dir='ltr' id='par_1_11' title="bbox 1148 4656 1188 4714">
     <span class='ocr_line' id='line_1_40' title="bbox 1148 4656 1188 4714; baseline 0 -19"><span class='ocrx_word' id='word_1_326' title='bbox 1148 4656 1188 4714; x_wconf 71' lang='grc' dir='ltr'><strong>(μ</strong></span> 
     </span>
    </p>
   </div>
   <div class='ocr_carea' id='block_1_5' title="bbox 0 0 1610 4992">
    <p class='ocr_par' dir='ltr' id='par_1_12' title="bbox 0 0 1610 4992">
     <span class='ocr_line' id='line_1_41' title="bbox 0 0 1610 4992; baseline 0 0"><span class='ocrx_word' id='word_1_327' title='bbox 0 0 1610 4992; x_wconf 95' lang='lat' dir='ltr'><strong> </strong></span> 
     </span>
    </p>
   </div>
  </div>
 </body>
</html>
