3208 4992
779 265 1000 330 ...16-

248 443 392 510 Romani
414 443 561 510 flammis
577 443 743 529 perierint,
767 445 826 510 uix
849 444 917 510 iam
933 443 997 510 dici
1011 447 1132 529 potest
1167 442 1239 509 Hoc
1254 445 1390 510 constat
1404 442 1537 510 Vestae

248 551 409 637 templum
433 549 579 616 flammis
603 551 771 633 integrum
794 550 906 617 fuisso.

356 675 508 760 Quinque
531 674 629 740 annis
652 679 730 760 post
753 675 979 741 theatrum
1003 675 1181 761 Pompei
1210 675 1331 740 iterum
1362 674 1432 758 igni
1461 672 1535 740 for-

248 782 335 847 tuito
365 780 527 847 haustum
558 783 619 862 est,
651 779 717 847 scil.
750 801 874 847 scaena
904 781 1069 859 theatri1).
1120 780 1221 846 Nulla
1260 801 1295 846 re
1326 780 1391 846 nisi
1419 780 1538 847 Seiani

249 887 384 972 „labore
406 886 648 974 uigilantiaque
672 889 772 954 tanta
804 888 856 952 uis
886 908 991 953 unum
1022 889 1113 953 intra
1143 886 1304 953 damnum
1334 886 1462 972 stetit“,
1496 891 1538 956 ut

249 998 362 1082 patres
395 992 542 1077 effigiem
566 993 688 1060 Seiano
713 999 899 1077 censerent,
933 1015 1041 1081 „quae
1076 994 1165 1080 apud
1195 993 1366 1060 theatrum
1394 994 1536 1081 Pompei

248 1101 480 1186 locaretur.“¹)
534 1100 698 1167 Scaeuam
729 1105 844 1167 autem
874 1102 999 1167 theatri
1033 1102 1182 1168 restituit
1212 1101 1395 1189 Tiberiusi)
1429 1106 1537 1190 atque

248 1207 398 1292 Caligula
421 1210 457 1273 et
479 1206 636 1273 Claudius
661 1206 833 1275 theatrum
856 1209 964 1293 ipsum
988 1207 1240 1294 perfecerunt.⁴)

356 1331 568 1398 Saeuissimis
592 1352 724 1419 quoque
752 1330 915 1398 incendiis
946 1331 1026 1398 urbs
1050 1331 1158 1398 Roma
1181 1331 1302 1398 liberii
1324 1333 1534 1420 temporibus

248 1443 375 1506 uexata
398 1441 459 1521 est,
483 1459 624 1526 quorum
648 1439 753 1505 altero
776 1459 865 1505 anno
881 1437 1006 1504 XXVII
1021 1460 1051 1525 p.
1068 1437 1100 1504 C.
1116 1459 1147 1505 n.
1172 1439 1272 1525 paulo
1300 1442 1378 1526 post
1402 1439 1535 1525 amphi-

249 1546 421 1612 theatrum
436 1544 569 1611 Fidenis
593 1544 809 1633 oollapsumlj
833 1545 1009 1612 Caelius
1032 1565 1151 1611 mons
1175 1544 1315 1611 deustus
1332 1542 1425 1633 ests)
1458 1545 1535 1611 Pri-

249 1659 405 1719 uatorum
427 1651 570 1738 plurima
593 1650 744 1718 aedificia
766 1652 909 1718 flammis
935 1651 1219 1738 deflagrauerunt,
1251 1673 1330 1718 nam
1357 1652 1413 1720 ille
1435 1674 1536 1719 mons

249 1759 454 1845 altissimisl)
477 1759 596 1824 insulis
617 1763 690 1824 erat
707 1758 899 1844 completus
946 1758 1042 1841 lirm,
1067 1779 1143 1824 cum
1159 1759 1364 1843 egentissimi
1378 1760 1534 1826 homines

250 1866 443 1935 calamitate
479 1865 599 1932 afflicti
638 1868 743 1948 erant,
783 1865 934 1931 Tiberius
974 1863 1116 1931 dominis
1151 1865 1338 1932 insularum
1371 1866 1535 1953 pecunias

249 1973 376 2058 tribuit,
401 1976 440 2039 ut
463 1971 580 2038 domos
604 1993 684 2038 suas
707 1970 895 2055 reficerent,
921 1970 1010 2058 quod
1037 1971 1240 2038 beneficium
1271 1973 1359 2038 tanti
1389 1972 1535 2060 populus

249 2080 454 2162 aestimarit,
495 2082 552 2162 „ut
594 2081 743 2144 montem
782 2077 929 2144 Caelium
977 2077 1201 2164 appellatione
1247 2083 1382 2146 mutata
1420 2080 1537 2146 uocari

249 2189 441 2270 Augustum
468 2184 665 2273 iusserit“.⁸)
712 2184 804 2265 Quae
835 2185 970 2271 templa,
1002 2206 1089 2272 quae
1119 2186 1182 2252 hoc
1212 2186 1246 2251 in
1278 2188 1394 2252 monte
1424 2185 1536 2252 multa

249 2315 317 2360 non
355 2292 502 2374 luerunt,
541 2292 610 2376 igni
644 2296 795 2377 correpta
829 2293 905 2374 sint,
941 2293 1120 2358 memoriae
1154 2313 1223 2358 nou
1257 2292 1409 2359 traditur.
1467 2291 1537 2359 Sed

250 2420 453 2488 quamquam
488 2397 522 2464 id
555 2396 746 2464 incendium
780 2400 925 2465 maximo
960 2397 1026 2464 fuit
1059 2398 1134 2464 urbi
1160 2398 1287 2465 Romae
1322 2398 1535 2485 detrimento,

250 2513 366 2574 tamen
389 2506 535 2572 maximo
559 2525 691 2591 quoque
716 2505 950 2589 emolumento,
975 2505 1064 2592 quod
1087 2527 1129 2572 ex
1152 2505 1208 2573 illo
1233 2509 1379 2593 tempore
1401 2505 1536 2574 Caelius

358 2790 376 2860 ¹)
396 2791 463 2845 Tac.
482 2805 547 2844 anu.
566 2788 659 2845 11172.
696 2789 749 2844 Dio
768 2790 818 2844 LX
835 2789 861 2856 6,
880 2791 906 2844 8.
943 2790 1056 2846 Hieron.
1075 2809 1101 2846 a
1120 2791 1186 2845 Abr.
1205 2789 1285 2846 aher.

357 2880 376 2948 ⁹)
396 2879 461 2934 Tac.
481 2879 499 2933 l.
519 2895 540 2932 e.
554 2895 576 2932 s.
597 2878 704 2934 Seneca
723 2879 760 2933 ad
779 2879 864 2934 Mero.
890 2879 925 2935 de
944 2896 1020 2935 cone.
1039 2880 1152 2946 ΧΧ114,
1173 2897 1231 2936 non
1248 2881 1378 2946 xxnre,
1397 2889 1431 2935 ut
1447 2879 1473 2936 Ν
1479 2881 1536 2954 ip·

250 2968 361 3041 perde
367 2985 387 3040 y
405 2968 442 3022 ad
462 2968 536 3022 hunc
555 2965 621 3022 Tac.
639 2966 733 3022 locum
752 2967 911 3023 adnotauit.

358 3076 377 3144 Ἰ
396 3073 466 3129 Vell.
485 3073 594 3129 Patere.
608 3073 739 3140 11130‚1.
778 3075 855 3130 Suet.
874 3073 934 3130 Tib.
953 3076 997 3131 47.
1035 3077 1102 3131 Tac.
1121 3093 1186 3131 ann.
1199 3075 1290 3142 v145‚
1315 3077 1475 3144 nonV151‚
1501 3081 1535 3132 ut

252 3164 365 3235 scripsit
384 3163 529 3218 Cilbert
546 3162 564 3217 l.
578 3179 600 3217 s.
612 3162 651 3216 llI
663 3180 690 3234 p.
703 3163 757 3217 324
775 3164 840 3217 adn.
856 3165 879 3219 1.

356 3269 378 3340 ‘l
398 3269 476 3324 Suet.
495 3268 582 3338 Calig.
594 3268 638 3334 21,
657 3286 714 3325 non
726 3269 770 3335 el,
789 3274 823 3324 ut
841 3270 954 3342 scripsit
966 3270 1110 3326 Gilbert
1128 3271 1146 3326 l.
1159 3287 1180 3326 s.
1201 3272 1279 3326 Suet.
1299 3271 1395 3328 Claud.
1407 3272 1452 3329 21.
1480 3273 1535 3329 Dio

251 3360 300 3415 LX
318 3359 343 3424 6,
354 3359 380 3413 8.
408 3358 480 3412 'l'um
499 3357 586 3412 etiam
605 3375 756 3424 „numerus
774 3359 851 3412 tertii
870 3360 1035 3415 consulatus
1055 3360 1191 3430 (Pompei)
1210 3377 1268 3416 non
1287 3367 1320 3415 ut
1335 3360 1415 3416 initio
1431 3361 1536 3433 primo·

250 3449 329 3503 ribus
357 3446 466 3512 litteris
495 3447 545 3501 sed
565 3447 656 3502 tribus
683 3451 797 3503 tantum
815 3448 925 3503 lineolis
943 3448 1036 3504 incisis
1056 3447 1235 3518 significatus
1250 3452 1320 3504 est“.
1358 3449 1437 3520 (Call.
1457 3455 1535 3509 noct.

251 3539 311 3592 Att.
324 3537 350 3591 X
361 3537 384 3600 1,
405 3536 500 3602 l—ll,
518 3536 653 3606 imprimis
670 3537 759 3607 ‘l-Ct.

359 3644 379 3714 ⁶)
399 3643 465 3698 Tac.
484 3659 549 3699 arm.
567 3642 657 3700 [ven.
694 3644 772 3700 Suet
791 3643 852 3699 Tib.
865 3644 908 3700 40.

359 3732 379 3802 ⁶)
399 3731 465 3787 Tac.
484 3748 550 3788 aun.
562 3731 600 3785 IV
609 3731 657 3799 64;
676 3733 776 3787 mirum
797 3733 873 3805 quod
890 3733 945 3787 Dio
964 3733 1034 3788 nihil
1053 3734 1089 3788 de
1108 3734 1162 3790 hoc
1180 3734 1309 3790 incendio
1325 3743 1536 3793 commemorat.
1598 3771 1599 3796 ι

360 3820 466 3891 ⁷locui
483 3822 544 3877 Val.
563 3822 637 3878 Max.
661 3821 723 3877 Vlll
736 3822 798 3888 2,1:
826 3821 977 3888 „Claudius
996 3823 1180 3879 Centumalus
1204 3825 1241 3878 ab
1263 3825 1417 3894 auguribus
1441 3824 1537 3882 iussus
1598 3871 1599 3884 2

253 3910 433 3966 altitudinem
460 3911 560 3966 domus
588 3927 663 3976 suae¹
693 3927 776 3982 qnam
795 3912 825 3966 in
844 3912 939 3967 Caelio
967 3916 1064 3967 moute
1092 3913 1226 3980 habebat,
1255 3914 1438 3980 summittere,
1468 3916 1538 3985 quia

254 4000 298 4054 his
317 4016 352 4054 ex
371 4015 435 4054 arce
453 4001 602 4070 augurium
621 4001 798 4072 capientibus
818 3999 972 4068 officiebat,
992 4001 1122 4057 uendidit
1140 4018 1203 4056 eam
1222 4001 1372 4074 Calpurnio
1384 4003 1537 4059 hanano“.

254 4087 322 4145 conf
340 4089 427 4143 etiem
446 4089 532 4145 Cicer.
552 4089 586 4144 de
606 4089 657 4144 oti.
670 4089 710 4144 111
720 4089 763 4145 66.

360 4196 380 4266 ⁸t
401 4196 478 4251 Suet.
492 4196 608 4250 riona.
645 4197 715 4251 Vell.
734 4196 845 4252 Patere.
867 4196 1002 4262 lilaea
1038 4199 1077 4252 At
1090 4198 1205 4252 'lucitus
1227 4215 1293 4254 ann.
1311 4198 1394 4256 1ve4
1410 4201 1537 4255 testatur

254 4285 412 4341 sententias
439 4285 552 4340 additae
571 4302 641 4351 esse,
662 4288 712 4351 „nt
730 4302 811 4340 mons
831 4285 943 4340 Caelius
960 4286 990 4340 in
1009 4295 1155 4357 posterum
1171 4293 1318 4357 Augustus
1336 4289 1536 4360 appellaretur,

255 4377 368 4447 quando
396 4375 506 4431 cunctis
524 4375 628 4430 circum
647 4375 834 4446 flagrantibus
861 4375 924 4430 sola
946 4375 1049 4430 'liberii
1078 4375 1198 4447 efligies¹
1227 4378 1283 4432 sita
1310 4377 1339 4431 irr
1359 4377 1443 4432 domo
1463 4376 1537 4434 lunii

254 4465 401 4529 senatoris,
426 4464 565 4519 inuiolata
588 4463 767 4519 mansisset“.
814 4464 933 4534 Quoquo
962 4464 1047 4520 modo
1076 4482 1121 4520 res
1152 4481 1184 4520 se
1212 4465 1314 4533 habet,
1345 4466 1401 4522 hoc
1428 4482 1537 4522 nouum
1598 4461 1599 4464 ’

254 4570 357 4609 nomeu
376 4570 520 4626 nunquam
538 4553 567 4607 iu
586 4569 668 4606 usum
687 4553 775 4608 uenit.
813 4551 880 4609 conl
897 4551 1058 4608 lluelsen
1077 4555 1152 4625 apud
1171 4554 1302 4610 P.·Wiss.
1315 4554 1353 4610 111
1374 4554 1451 4610 1274.
