3208 4992
782 289 1004 356 -64-

254 469 533 556 depannari1)
564 471 600 534 et
625 467 821 555 Mowatfl)
867 467 930 549 Qui
954 467 1134 534 conuenit?
1179 467 1330 552 Namque
1358 465 1442 532 illud
1467 463 1532 548 „ad

253 578 413 663 pompas“
438 575 529 642 tituli
543 575 591 642 VI
604 575 703 659 3038,
727 596 792 663 quo
815 574 863 641 illi
882 574 1040 642 uidentur
1056 594 1131 641 esse
1146 575 1211 640 nisi
1227 573 1395 657 significat
1410 593 1532 656 agmen

253 683 392 767 uigilum
415 685 486 750 siue
509 682 554 749 ad
575 682 729 749 incendia
752 682 998 765 exstinguenda
1027 681 1306 768 proficiscentium
1336 679 1408 745 siue
1440 680 1534 746 uicos

254 791 540 873 circumeuntium,
565 810 643 873 non,
667 793 707 855 ut
729 794 846 856 nostra
867 789 983 873 lingua
1005 791 1093 871 utar,
1117 787 1356 872 Feierlicbkeit,
1377 786 1534 868 Festzug.

253 897 297 963 nt
318 897 355 963 in
376 897 432 963 illo
457 899 613 984 ‚,portas“
642 894 791 962 eiusdem
820 895 912 962 tituli
940 895 1182 979 intelleguntur
1212 898 1328 982 portae
1359 893 1533 960 excubito-

252 1005 376 1071 riorum
399 1003 455 1071 nel
478 1005 663 1070 stationum
686 1003 832 1087 uigilum
878 1003 1001 1069 Munus
1017 1003 1128 1089 ipsum
1144 1005 1258 1069 autem
1273 1001 1532 1068 sebaciariornm

253 1112 341 1178 inter
363 1132 471 1179 annos
487 1109 568 1177 dcx
584 1115 619 1177 et
635 1109 747 1177 OOXV
769 1131 799 1197 p.
817 1110 849 1176 G.
865 1131 896 1177 n.
917 1111 1139 1177 constitutum
1155 1131 1229 1176 esee
1253 1108 1534 1196 Gapannari⁸)

254 1240 297 1285 ex
317 1219 439 1301 tegulis
460 1219 496 1284 in
520 1217 630 1284 Caelio
653 1219 767 1284 monte
791 1217 925 1284 effossis
948 1217 1090 1302 collegit.
1135 1216 1251 1303 Neque
1281 1237 1360 1282 uero
1390 1214 1457 1281 boc
1480 1218 1533 1281 est

254 1345 413 1408 magnum
436 1328 678 1409 argumentum.
725 1328 887 1411 Apertum
914 1325 1003 1390 enirn
1026 1330 1079 1390 est
1101 1323 1184 1391 illud
1206 1344 1329 1390 munus
1350 1323 1419 1388 iam
1439 1323 1530 1408 prius

254 1453 328 1498 esse
350 1433 556 1498 institutum.
600 1431 694 1498 Haec
714 1431 889 1498 hactenus.

360 1539 444 1605 Item
468 1537 661 1606 difficillima
683 1544 736 1605 est
758 1539 911 1627 quaestio
939 1538 981 1606 de
1012 1538 1300 1622 emituliario‚
1331 1557 1418 1625 quae
1451 1556 1532 1602 num

254 1666 404 1732 unquam
442 1645 486 1711 ad
523 1644 686 1732 liquidum
722 1644 857 1732 perduci
893 1647 1010 1733 possit,
1049 1645 1149 1713 uadde
1184 1645 1321 1713 dubium
1355 1647 1417 1727 est,
1458 1663 1531 1710 curn

254 1752 398 1820 nominis
413 1753 645 1840 interpretatio
661 1755 795 1820 omnino
811 1754 857 1819 sit
867 1753 1024 1841 ignotast)
1058 1755 1115 1820 De
1139 1752 1243 1836 Vin)
1267 1753 1355 1819 enim
1377 1755 1479 1838 putat
1497 1750 1532 1814 in

254 1859 356 1926 uerbo
381 1860 580 1926 emituliario
602 1859 685 1927 illud
709 1860 774 1926 cmi
797 1859 936 1927 ductum
959 1880 1033 1927 esse
1057 1861 1099 1928 ab
1124 1881 1202 1928 arna
1223 1859 1255 1925 h.
1271 1880 1298 1926 e.
1320 1858 1433 1944 hama,
1466 1877 1532 1944 qua

254 1969 290 2033 in
311 1987 347 2033 re
377 1967 498 2033 iniuria
527 1966 646 2033 nititur
668 1966 779 2033 uerbis
802 1967 873 2051 Dig.
889 1967 904 2032 I
923 1966 972 2042 15,
986 1966 1015 2033 3.
1031 1968 1075 2036 4.:
1108 1967 1302 2050 „sciendum
1332 1969 1385 2032 est
1415 1967 1529 2031 autern

254 2071 462 2160 praefectum
485 2073 624 2158 uigilum
646 2094 704 2160 per
726 2075 834 2140 totam
857 2077 991 2141 noctem
1021 2074 1160 2158 uigilare
1183 2072 1302 2140 debere
1325 2077 1360 2140 ct
1383 2091 1528 2140 coenare

256 2180 432 2246 calciatum
456 2201 531 2246 curn
554 2179 696 2264 hamis“,
720 2201 821 2267 quarn
843 2180 1021 2248 lectionem
1044 2179 1146 2265 codd,
1170 2202 1239 2247 non
1262 2181 1356 2263 amia,
1384 2179 1530 2266 illudque

255 2286 484 2352 tuliarium
508 2309 529 2353 a
551 2286 659 2369 tulo,
686 2287 785 2370 tuli,
809 2286 951 2371 tulere,
969 2286 1058 2373 qnod
1074 2310 1095 2354 a
1111 2287 1352 2355 consuetudine
1368 2285 1530 2353 sermonis

254 2393 352 2460 latini
385 2393 560 2461 abhorrere
590 2393 672 2460 mibi
703 2394 844 2461 uidetur.
901 2393 1128 2461 Emituliarios
1163 2396 1263 2480 igitur
1294 2416 1367 2461 esse
1398 2392 1527 2460 intelle-

256 2500 380 2584 gendos
396 2501 560 2587 aquarios
595 2499 785 2567 Secundum
801 2505 917 2567 autem
937 2500 1201 2588 Desjardins0)
1225 2505 1260 2568 et
1275 2499 1530 2583 Gantarelli²)

255 2627 378 2674 nornen
401 2606 591 2674 emitrdiarii
614 2607 657 2673 ab
680 2606 984 2675 hemituliario
1016 2606 1147 2674 ducitur
1169 2607 1456 2694 emituliariusque
1478 2611 1528 2672 est

256 2713 389 2780 adiutor
426 2713 610 2798 sebaciarii,
650 2735 717 2801 qua
755 2713 795 2780 de
833 2734 869 2780 rc
906 2713 1065 2781 iudicium
1098 2715 1170 2781 iure
1204 2715 1283 2782 fecit
1314 2712 1531 2798 Hennen⁸)

151 2865 155 2871 -
254 2820 420 2907 Deinceps
443 2819 619 2887 dicendum
642 2824 694 2887 est
716 2820 757 2887 do
781 2820 913 2888 duabus
935 2823 1080 2888 nominis
1100 2821 1431 2910 interpretationibus
1447 2839 1527 2908 quas

255 2926 466 3014 Nocella⁹)
490 2928 526 2993 in
541 2926 687 2994 medium
701 2927 849 3014 protulit.
884 2927 1048 2996 Nocella
1071 2930 1161 2995 enim
1175 2949 1233 3016 pro
1250 2921 1527 2994 EMI'PVLIARIO

255 3033 433 3117 legendum
461 3055 534 3101 esse
557 3038 658 3122 putat
680 3035 959 3102 FMITVLIARIO
981 3034 1013 3102 h.
1030 3057 1057 3103 θ.
1080 3035 1095 3102 1
1116 3035 1245 3123 (abre)
1267 3033 1526 3112 mituliario‚

256 3135 345 3228 quod
367 3162 490 3207 nornen
513 3139 651 3208 ductum
674 3142 719 3207 sit
742 3164 764 3209 a
785 3141 939 3209 mitulo
966 3142 1023 3210 uel
1045 3141 1221 3209 mutulo.
1267 3141 1374 3223 Quam
1397 3141 1529 3206 infirma

257 3250 370 3314 autem
407 3246 492 3314 haec
529 3249 673 3316 nominis
708 3249 897 3315 emituliarii
926 3250 1157 3336 interpretatio
1192 3250 1247 3333 sit,
1281 3248 1428 3315 sonasse
1462 3248 1529 3332 ipse

255 3353 431 3438 intellexit,
455 3354 544 3441 quod
566 3355 666 3442 paulo
689 3358 768 3442 post
790 3355 950 3439 originem
970 3355 1060 3422 illius
1087 3357 1182 3424 uerbi
1204 3355 1362 3444 repetiuit
1385 3377 1407 3421 a
1428 3355 1526 3424 τύλον»

255 3463 340 3546 πύλη,
361 3463 495 3538 τυλωτά,
527 3482 602 3527 curn
633 3461 717 3528 dixit
747 3461 933 3528 emitub'um
963 3461 1089 3530 fustem
1119 3463 1207 3530 ferro
1237 3462 1426 3551 praefixum
1449 3479 1526 3538 esso,

258 3588 322 3653 qno
346 3567 463 3652 uigiles
486 3572 589 3636 noctu
612 3590 633 3635 a
654 3567 785 3636 iuribus
808 3591 844 3636 se
868 3568 1104 3637 defendissent.
1141 3570 1211 3638 Nec
1237 3563 1529 3658 praetermittenda

365 3782 383 3852 ¹>
404 3781 606 3854 Capannari
624 3783 690 3838 buil.
709 3799 810 3840 comm.
829 3784 895 3838 XIV
909 3783 979 3840 1888
995 3800 1023 3855 p.
1036 3783 1098 3840 264.

364 3871 384 3940 ²)
402 3871 534 3927 Mouet
551 3871 569 3928 l.
583 3887 606 3926 s.
619 3888 642 3926 s.
922 3949 923 3952 Ἴ

365 3959 385 4029 ⁸)
403 3961 609 4032 Capannari
627 3962 645 4016 l.
658 3977 681 4017 s.
700 3977 727 4032 p.
739 3960 801 4017 250.

314 4048 385 4192 (ta-⁴.)
403 4049 440 4194 (ἑὲ
466 4049 582 4104 diuersis
600 4050 721 4106 nominis
739 4051 1020 4122 interpretationibus
1040 4052 1185 4122 copiosius
1203 4051 1316 4123 scripsit
1333 4051 1462 4107 Mowat
1482 4047 1525 4102 l.s

257 4138 312 4208 p.1
389 4138 401 4192 l
441 4179 447 4194 .

364 4228 384 4295 ⁶)
402 4227 452 4283 De
469 4226 541 4294 vit,
561 4244 607 4299 op.
625 4228 734 4284 uar.Vl
752 4245 779 4300 p.
792 4228 858 4286 403.

365 4316 385 4386 ⁶)
403 4315 622 4389 Desjsrdins
639 4318 658 4373 l.
671 4335 693 4373 s.
712 4334 740 4389 p.
752 4317 815 4374 285.

366 4406 385 4475 ⁷)
405 4405 611 4462 cantarelli
628 4406 695 4462 bull.
714 4423 817 4464 comm.
835 4408 887 4462 XV
906 4407 976 4465 1887
994 4425 1021 4480 p.
1034 4408 1078 4464 88.

366 4494 385 4564 ⁸>
403 4494 548 4551 Hencen
566 4496 633 4551 bull.
652 4495 715 4551 dell'
734 4496 799 4552 inst.
820 4496 891 4552 1882
908 4513 936 4568 p.
949 4497 993 4554 60.

366 4584 386 4651 ⁹)
404 4583 546 4640 Nocella
564 4585 631 4640 bull.
650 4601 750 4641 comm.
768 4585 819 4640 XV
838 4585 908 4641 1887
925 4603 952 4657 p.
964 4586 1009 4643 31.
1028 4587 1094 4643 ibid.
1106 4587 1170 4644 XVI
1187 4587 1256 4643 1888
1273 4604 1300 4658 p.
1315 4585 1374 4642 152.
