3208 4992
593 299 815 368 ..55-

67 481 114 545 est
135 477 330 545 emituliarii
344 478 575 565 interpretatio
591 499 693 565 quern
717 478 906 568 Mowat¹)
927 476 1017 544 feeit
1062 477 1232 545 Enodauit
1255 477 1344 546 enim

66 584 96 651 id
116 607 241 653 nomen
258 606 335 652 oum
350 584 462 652 doouit
477 584 680 652 uooebulum
696 585 887 652 emituliarii
903 585 947 652 ab
970 584 1151 651 emendo
1168 583 1239 670 diei,
1264 605 1344 651 nam

65 691 140 759 illud
167 693 360 779 emptum
382 713 457 758 esse
479 711 538 777 pro
562 694 694 759 em’tu
717 691 806 779 quod
829 693 920 759 esset
934 711 993 779 pro
1017 691 1169 776 emitu‚
1194 691 1345 758 similiter

66 820 101 866 ae
121 820 249 866 nomen
271 799 463 882 gemitus
487 797 625 865 duotum
648 819 723 866 esse
748 820 770 866 a
799 798 1015 883 gemendo.
1062 797 1155 879 Quae
1185 818 1263 864 oum
1293 798 1344 865 ita

66 909 184 991 essent,
219 904 452 972 emitulum
481 903 538 972 uel
568 905 815 972 emitulium
838 927 881 971 ex
905 905 1041 972 emitu
1060 903 1343 972 deminutososse

65 1011 364 1099 emituliariumque
399 1033 486 1094 eum,
521 1011 579 1099 qui
612 1032 671 1099 pro
705 1012 889 1080 sebasiario
925 1014 1058 1079 emeret.
1116 1011 1190 1093 Qua
1232 1013 1268 1079 in
1306 1033 1342 1079 re

65 1120 218 1187 Mowat
251 1118 371 1186 nititur
403 1119 577 1186 titulorum
604 1119 650 1186 VI
680 1119 777 1187 3057.
813 1119 900 1187 3076
936 1118 1060 1186 uerbis:
1098 1139 1180 1203 „ego
1215 1120 1342 1203 gratias

65 1225 280 1292 emituliaria“
308 1229 343 1292 et
368 1225 482 1310 „saluo
506 1225 737 1293 emituliario“.
775 1227 823 1292 At
842 1247 1008 1313 opponam
1030 1225 1237 1294 Mowatio
1260 1224 1342 1292 illud

67 1333 187 1416 „saluis
211 1331 483 1419 commanipulis“
509 1333 565 1399 uel
590 1331 715 1416 „saluis
738 1331 1141 1421 commanipularibuw)

167 1440 237 1523 Ego
261 1439 395 1527 quidem
418 1441 605 1507 consentire
636 1440 725 1507 malo
758 1460 834 1506 oum
856 1440 1069 1528 Loeweoffl
1102 1460 1200 1527 quern
1235 1441 1342 1507 secuti

63 1551 139 1614 sunt
173 1545 380 1633 Henzen⁴)
415 1549 517 1633 atque
552 1546 754 1634 Ussing.⁶)
810 1545 962 1633 Namque
997 1545 1146 1613 Loewe
1182 1545 1342 1630 originem

62 1653 147 1720 illius
165 1653 259 1720 uerbi
274 1653 432 1740 repetiuit
446 1652 490 1720 ab
507 1651 705 1720 emitolio
726 1651 782 1718 uel
802 1651 999 1740 emitylio
1018 1652 1075 1719 uel
1094 1652 1340 1740 emitulio,⁸)

63 1760 149 1848 quod
172 1760 375 1826 uocabulum
406 1763 459 1827 est
489 1759 596 1827 simile
626 1759 812 1827 tritolio.
859 1758 1051 1846 Copulando
1075 1763 1190 1844 ἥμισυς
1215 1763 1250 1826 et
1264 1762 1340 1845 πύλη

63 1865 112 1934 uel
135 1869 230 1939 τύλος
252 1865 308 1933 uel
331 1869 452 1933 τυλεῖον
482 1867 599 1934 iuncta
629 1870 717 1933 sunt.
765 1867 858 1949 Quae
890 1888 965 1933 eum
996 1867 1048 1933 ita
1078 1866 1156 1952 sint,
1190 1865 1342 1933 emitulia

62 1977 139 2040 sunt
173 1973 399 2057 intellegenda
432 1976 550 2059 strata,
586 1995 673 2061 quae
707 1995 767 2061 per
799 1974 940 2041 humum
974 1977 1117 2041 extensa
1148 1972 1340 2040 hominibus

61 2079 249 2148 incendium
273 2079 457 2165 effugiendi
480 2101 585 2147 eausa
607 2102 649 2148 ex
671 2081 828 2148 fenestris
845 2080 1077 2148 desilientibus
1097 2080 1200 2148 saluti
1216 2083 1340 2166 essent,

61 2190 256 2274 praesertim
279 2207 364 2271 oum,
388 2191 552 2275 utsupra
578 2187 656 2271 dixi,
684 2188 831 2273 ingentis
854 2187 1042 2255 altitudinis
1066 2187 1220 2255 aedificia
1250 2188 1342 2254 urbis

61 2297 181 2362 essent
227 2295 339 2382 Atque
363 2295 466 2361 etism
496 2294 550 2360 his
576 2296 782 2383 temporibus
806 2295 924 2379 uigiles
948 2296 1074 2379 stratis
1107 2315 1193 2381 quae
1224 2297 1342 2361 nostra

60 2400 173 2486 lingua
198 2400 447 2487 Sprungtiieher
469 2423 640 2485 uooamus,
665 2405 815 2470 utuntur.
851 2401 894 2468 llt
908 2401 1053 2469 fortasse
1068 2401 1247 2468 uerisimile
1265 2421 1340 2468 esse

61 2508 163 2575 uideri
186 2511 300 2595 potest
321 2509 380 2575 illa
402 2512 511 2576 strata
534 2509 636 2576 etiam
659 2508 703 2576 ad
717 2510 871 2577 incendia
887 2507 1128 2596 oompeseends
1145 2509 1222 2575 usui
1235 2509 1339 2575 fuisse

61 2615 210 2682 similiter
233 2636 273 2683 ao
296 2618 463 2683 centones.

166 2722 295 2803 Quibus
318 2722 417 2789 rebus
441 2723 595 2809 quamuis
616 2722 762 2790 breuiter
777 2723 938 2810 expositis
954 2722 1039 2789 satis
1055 2721 1206 2790 docuisse
1225 2721 1340 2790 uideor

61 2830 296 2896 emituliarium
319 2850 395 2896 eum
417 2829 523 2897 fuisse
546 2831 603 2918 qui
633 2830 785 2897 omitulia
814 2829 870 2896 uel
900 2833 1009 2897 strata
1038 2828 1191 2897 incendio
1223 2833 1339 2896 exorto

60 2935 334 3025 suppeditauerit.

164 3041 333 3126 Medici,
359 3047 398 3110 ut
419 3043 464 3110 ad
487 3048 674 3111 extremum
696 3043 777 3110 illud
800 3043 987 3128 ueniamus
1011 3043 1047 3110 in
1063 3043 1202 3128 singulis
1220 3043 1338 3110 eohor-

59 3150 148 3217 tibus
183 3149 322 3233 uigilum
364 3154 461 3218 erant
495 3151 697 3239 quaterni,²)
737 3172 837 3238 quem
875 3171 1052 3217 numerum
1099 3171 1178 3237 prae
1221 3151 1338 3217 ceteris

60 3256 250 3323 cohortibus
285 3258 451 3324 exereitus
484 3257 628 3324 Romani
661 3278 822 3342 magnum
859 3256 964 3324 fuisse
999 3256 1142 3324 forsitan
1172 3256 1339 3344 quispiam

59 3362 186 3429 dixerit
240 3367 285 3430 At
307 3362 434 3431 Romae
464 3363 631 3450 permulta
661 3366 696 3431 et
726 3364 925 3430 saeuissime
951 3363 1105 3430 inoendia
1140 3367 1215 3430 orta
1249 3368 1338 3430 sunt

58 3469 175 3536 Medici
198 3473 315 3536 autem
336 3472 518 3538 maximam
540 3473 671 3558 partem
694 3474 792 3537 erant
813 3470 969 3554 libertini,
1003 3491 1144 3558 quorum
1167 3470 1338 3538 adiutores

165 3720 186 3789 ¹)
203 3719 334 3774 Mowat
352 3720 369 3774 l.
383 3735 406 3775 s.
425 3735 452 3791 p.
467 3718 526 3774 166.

163 3808 185 3878 ¹>
203 3807 455 3864 0111713028.
473 3807 553 3864 3029.
571 3807 650 3865 0003.
669 3807 749 3865 3075.
768 3807 847 3865 3078.
866 3807 948 3864 3088.

165 3896 185 3966 ⁸)
203 3897 331 3953 hoewe
348 3897 415 3955 bull.
433 3897 496 3953 dell'
515 3898 581 3954 inst
602 3897 671 3953 1882
688 3914 715 3969 p.
729 3897 789 3964 191,
815 3914 902 3970 quam
926 3897 1097 3954 seutentiam
1122 3897 1170 3951 De
1188 3896 1248 3952 Vit
1269 3896 1336 3954 ibid.

58 4001 83 4056 p.
98 3985 151 4042 127
167 3986 270 4041 iniuria
287 3986 414 4043 refellere
432 3990 553 4042 conatus
571 3989 624 4042 est

164 4075 184 4146 *ι
203 4075 351 4132 Henzen
368 4075 436 4132 ibid.
454 4093 481 4148 p.
494 4074 540 4131 60.

164 4164 185 4233 ⁵)
205 4164 337 4235 Ussing
354 4164 423 4221 ibid.
441 4181 468 4236 p.
480 4164 514 4220 61
535 4164 599 4220 adn.
615 4164 639 4219 1.

164 4252 381 4322 ⁶)Soh1nita,
408 4254 527 4309 Studien
550 4269 587 4307 au
611 4253 667 4309 deu
685 4252 871 4309 'lironisohen
891 4252 993 4320 Noton,
1021 4251 1194 4310 Festschrift
1220 4268 1271 4307 aur
1290 4251 1337 4309 04.

58 4340 159 4398 Philol.
172 4341 386 4414 Versammlung
405 4359 441 4398 au
458 4342 537 4398 'Prior
556 4341 626 4399 1879
644 4359 671 4414 p.
684 4341 729 4397 07.
747 4341 791 4398 08.

164 4433 184 4502 ²)
203 4430 361 4488 (21.th
380 4431 458 4488 1058.
479 4431 556 4489 1050.
593 4431 680 4487 Binos
702 4431 828 4488 medicos
846 4431 875 4486 in
900 4429 1019 4502 siugulis
1038 4429 1203 4486 cohortibus
1220 4429 1337 4501 uigilum

58 4518 146 4578 luisse
163 4521 238 4577 salso
257 4521 329 4576 dixit
347 4522 395 4576 Dr.
412 4521 508 4577 Julian
525 4521 700 4587 Marones.
729 4521 781 4576 des
799 4520 1024 4577 Sanitttsweseu
1042 4519 1069 4575 in
1089 4519 1144 4576 deu
1161 4519 1271 4576 Heersn
1289 4519 1338 4576 der

59 4609 148 4676 Alton.
167 4609 311 4666 Umsohau
331 4609 401 4666 1904
418 4626 456 4667 uo
469 4611 503 4665 47
523 4626 550 4681 p.
562 4609 625 4666 924.

110 4705 220 4752 Werner.
1141 4699 1159 4754 5
