<?xml version="1.0" encoding="UTF-8"?>
<!DOCTYPE html PUBLIC "-//W3C//DTD XHTML 1.0 Transitional//EN"
    "http://www.w3.org/TR/xhtml1/DTD/xhtml1-transitional.dtd">
<html xmlns="http://www.w3.org/1999/xhtml" xml:lang="en" lang="en">
 <head>
  <title>
</title>
<meta http-equiv="Content-Type" content="text/html;charset=utf-8" />
  <meta name='ocr-system' content='tesseract 3.04.00' />
  <meta name='ocr-capabilities' content='ocr_page ocr_carea ocr_par ocr_line ocrx_word'/>
</head>
<body>
  <div class='ocr_page' id='page_1' title='image "./deincendiisurbi00werngoog_0079.png"; bbox 0 0 3208 4992; ppageno 0'>
   <div class='ocr_carea' id='block_1_1' title="bbox 590 279 812 346">
    <p class='ocr_par' dir='ltr' id='par_1_1' title="bbox 590 279 812 346">
     <span class='ocr_line' id='line_1_1' title="bbox 590 279 812 346; baseline 0 -20"><span class='ocrx_word' id='word_1_1' title='bbox 590 279 812 346; x_wconf 74' lang='lat'><strong>,77-</strong></span> 
     </span>
    </p>
   </div>
   <div class='ocr_carea' id='block_1_2' title="bbox 50 454 1343 3109">
    <p class='ocr_par' dir='ltr' id='par_1_2' title="bbox 14 451 1343 841">
     <span class='ocr_line' id='line_1_2' title="bbox 57 454 1343 545; baseline 0.009 -30.612"><span class='ocrx_word' id='word_1_2' title='bbox 57 473 127 518; x_wconf 89' lang='lat' dir='ltr'>cum</span> <span class='ocrx_word' id='word_1_3' title='bbox 150 454 268 521; x_wconf 90' lang='lat' dir='ltr'>hamis</span> <span class='ocrx_word' id='word_1_4' title='bbox 292 457 327 522; x_wconf 90' lang='lat' dir='ltr'>et</span> <span class='ocrx_word' id='word_1_5' title='bbox 349 454 503 541; x_wconf 91' lang='lat' dir='ltr'>dolabris,</span> <span class='ocrx_word' id='word_1_6' title='bbox 528 458 568 522; x_wconf 95' lang='lat' dir='ltr'>ut</span> <span class='ocrx_word' id='word_1_7' title='bbox 591 476 704 522; x_wconf 93' lang='lat' dir='ltr'>curam</span> <span class='ocrx_word' id='word_1_8' title='bbox 728 455 913 524; x_wconf 76' lang='lat' dir='ltr'><strong>adhibeant</strong></span> <span class='ocrx_word' id='word_1_9' title='bbox 935 477 1051 525; x_wconf 89' lang='lat' dir='ltr'>omnes</span> <span class='ocrx_word' id='word_1_10' title='bbox 1074 457 1255 545; x_wconf 85' lang='lat' dir='ltr'>inquilinos</span> <span class='ocrx_word' id='word_1_11' title='bbox 1280 459 1343 526; x_wconf 87' lang='lat' dir='ltr'>ad·</span> 
     </span>
     <span class='ocr_line' id='line_1_3' title="bbox 56 561 1342 652; baseline 0.005 -27"><span class='ocrx_word' id='word_1_12' title='bbox 56 579 199 644; x_wconf 89' lang='lat' dir='ltr'>monere,</span> <span class='ocrx_word' id='word_1_13' title='bbox 226 582 271 628; x_wconf 87' lang='lat' dir='ltr'>nc</span> <span class='ocrx_word' id='word_1_14' title='bbox 294 561 499 646; x_wconf 79' lang='lat' dir='ltr'>negligentia</span> <span class='ocrx_word' id='word_1_15' title='bbox 521 563 636 650; x_wconf 88' lang='lat' dir='ltr'>aliqua</span> <span class='ocrx_word' id='word_1_16' title='bbox 657 562 802 630; x_wconf 90' lang='lat' dir='ltr'>incendii</span> <span class='ocrx_word' id='word_1_17' title='bbox 824 583 923 630; x_wconf 83' lang='lat' dir='ltr'>casus</span> <span class='ocrx_word' id='word_1_18' title='bbox 948 564 1081 633; x_wconf 90' lang='lat' dir='ltr'>oriatur.</span> <span class='ocrx_word' id='word_1_19' title='bbox 1104 568 1279 652; x_wconf 89' lang='lat' dir='ltr'>praeterea</span> <span class='ocrx_word' id='word_1_20' title='bbox 1302 571 1342 632; x_wconf 92' lang='lat' dir='ltr'>ut</span> 
     </span>
     <span class='ocr_line' id='line_1_4' title="bbox 55 668 1341 756; baseline 0.007 -25"><span class='ocrx_word' id='word_1_21' title='bbox 55 670 211 752; x_wconf 80' lang='lat' dir='ltr'>aquam1)</span> <span class='ocrx_word' id='word_1_22' title='bbox 246 671 476 756; x_wconf 87' lang='lat' dir='ltr'>unusquisque</span> <span class='ocrx_word' id='word_1_23' title='bbox 508 668 691 756; x_wconf 85' lang='lat' dir='ltr'>inquilinus</span> <span class='ocrx_word' id='word_1_24' title='bbox 718 672 753 736; x_wconf 91' lang='lat' dir='ltr'>in</span> <span class='ocrx_word' id='word_1_25' title='bbox 777 671 935 738; x_wconf 87' lang='lat' dir='ltr'>cenaculo</span> <span class='ocrx_word' id='word_1_26' title='bbox 958 671 1095 755; x_wconf 89' lang='lat' dir='ltr'>habeat,</span> <span class='ocrx_word' id='word_1_27' title='bbox 1118 672 1254 740; x_wconf 89' lang='lat' dir='ltr'>iubetur</span> <span class='ocrx_word' id='word_1_28' title='bbox 1278 673 1341 740; x_wconf 88' lang='lat' dir='ltr'>ad-</span> 
     </span>
     <span class='ocr_line' id='line_1_5' title="bbox 54 778 221 841; baseline 0.012 -3"><span class='ocrx_word' id='word_1_29' title='bbox 54 778 221 841; x_wconf 86' lang='lat' dir='ltr'>monere.“</span> 
     </span>
    </p>

    <p class='ocr_par' dir='ltr' id='par_1_3' title="bbox 51 881 1342 1291">
     <span class='ocr_line' id='line_1_6' title="bbox 156 881 1342 973; baseline 0.004 -25"><span class='ocrx_word' id='word_1_30' title='bbox 156 881 344 949; x_wconf 90' lang='lat' dir='ltr'>Praeterea</span> <span class='ocrx_word' id='word_1_31' title='bbox 377 883 568 970; x_wconf 87' lang='lat' dir='ltr'>praefectus</span> <span class='ocrx_word' id='word_1_32' title='bbox 605 883 755 968; x_wconf 89' lang='lat' dir='ltr'>uigilum,</span> <span class='ocrx_word' id='word_1_33' title='bbox 791 887 830 951; x_wconf 90' lang='lat' dir='ltr'>ut</span> <span class='ocrx_word' id='word_1_34' title='bbox 864 905 966 972; x_wconf 89' lang='lat' dir='ltr'>supra</span> <span class='ocrx_word' id='word_1_35' title='bbox 989 883 1066 968; x_wconf 86' lang='lat' dir='ltr'>dixi,</span> <span class='ocrx_word' id='word_1_36' title='bbox 1102 886 1342 973; x_wconf 76' lang='lat' dir='ltr'>posterioribus</span> 
     </span>
     <span class='ocr_line' id='line_1_7' title="bbox 53 988 1342 1078; baseline 0.006 -26"><span class='ocrx_word' id='word_1_37' title='bbox 53 988 263 1074; x_wconf 78' lang='lat' dir='ltr'>temporibus</span> <span class='ocrx_word' id='word_1_38' title='bbox 285 990 353 1056; x_wconf 89' lang='lat' dir='ltr'>ius</span> <span class='ocrx_word' id='word_1_39' title='bbox 377 988 570 1076; x_wconf 89' lang='lat' dir='ltr'>dicebat,</span> <span class='ocrx_word' id='word_1_40' title='bbox 595 1011 698 1077; x_wconf 91' lang='lat' dir='ltr'>quam</span> <span class='ocrx_word' id='word_1_41' title='bbox 720 990 763 1057; x_wconf 93' lang='lat' dir='ltr'>ob</span> <span class='ocrx_word' id='word_1_42' title='bbox 786 1011 857 1056; x_wconf 91' lang='lat' dir='ltr'>rem</span> <span class='ocrx_word' id='word_1_43' title='bbox 879 991 973 1057; x_wconf 94' lang='lat' dir='ltr'>illum</span> <span class='ocrx_word' id='word_1_44' title='bbox 995 992 1076 1058; x_wconf 91' lang='lat' dir='ltr'>iuris</span> <span class='ocrx_word' id='word_1_45' title='bbox 1099 993 1243 1078; x_wconf 90' lang='lat' dir='ltr'>peritum</span> <span class='ocrx_word' id='word_1_46' title='bbox 1266 1015 1342 1060; x_wconf 92' lang='lat' dir='ltr'>esse</span> 
     </span>
     <span class='ocr_line' id='line_1_8' title="bbox 52 1097 1341 1186; baseline 0.005 -27"><span class='ocrx_word' id='word_1_47' title='bbox 52 1114 190 1162; x_wconf 89' lang='lat' dir='ltr'>necesse</span> <span class='ocrx_word' id='word_1_48' title='bbox 225 1099 331 1180; x_wconf 62' lang='lat' dir='ltr'>erata)</span> <span class='ocrx_word' id='word_1_49' title='bbox 377 1097 531 1185; x_wconf 87' lang='lat' dir='ltr'>Namque</span> <span class='ocrx_word' id='word_1_50' title='bbox 562 1100 698 1165; x_wconf 90' lang='lat' dir='ltr'>constat</span> <span class='ocrx_word' id='word_1_51' title='bbox 729 1099 817 1165; x_wconf 88' lang='lat' dir='ltr'>inter</span> <span class='ocrx_word' id='word_1_52' title='bbox 848 1119 964 1166; x_wconf 89' lang='lat' dir='ltr'>omnes</span> <span class='ocrx_word' id='word_1_53' title='bbox 987 1099 1023 1164; x_wconf 92' lang='lat' dir='ltr'>in</span> <span class='ocrx_word' id='word_1_54' title='bbox 1046 1099 1104 1166; x_wconf 92' lang='lat' dir='ltr'>lite</span> <span class='ocrx_word' id='word_1_55' title='bbox 1128 1119 1215 1186; x_wconf 90' lang='lat' dir='ltr'>quae</span> <span class='ocrx_word' id='word_1_56' title='bbox 1239 1097 1341 1166; x_wconf 89' lang='lat' dir='ltr'>fullo-</span> 
     </span>
     <span class='ocr_line' id='line_1_9' title="bbox 51 1201 1165 1291; baseline 0.008 -27"><span class='ocrx_word' id='word_1_57' title='bbox 51 1221 130 1268; x_wconf 92' lang='lat' dir='ltr'>num</span> <span class='ocrx_word' id='word_1_58' title='bbox 154 1201 290 1289; x_wconf 90' lang='lat' dir='ltr'>dicitur‚</span> <span class='ocrx_word' id='word_1_59' title='bbox 315 1204 501 1291; x_wconf 79' lang='lat' dir='ltr'>praefectos</span> <span class='ocrx_word' id='word_1_60' title='bbox 525 1204 664 1289; x_wconf 90' lang='lat' dir='ltr'>uigilum</span> <span class='ocrx_word' id='word_1_61' title='bbox 686 1205 853 1290; x_wconf 89' lang='lat' dir='ltr'>legitimos</span> <span class='ocrx_word' id='word_1_62' title='bbox 876 1205 982 1272; x_wconf 90' lang='lat' dir='ltr'>fuisse</span> <span class='ocrx_word' id='word_1_63' title='bbox 1005 1204 1165 1289; x_wconf 60' lang='lat' dir='ltr'>iudicent</span> 
     </span>
    </p>

    <p class='ocr_par' dir='ltr' id='par_1_4' title="bbox 50 1309 1341 3109">
     <span class='ocr_line' id='line_1_10' title="bbox 156 1309 1341 1400; baseline 0.005 -26"><span class='ocrx_word' id='word_1_64' title='bbox 156 1309 321 1397; x_wconf 89' lang='lat' dir='ltr'>Idemque</span> <span class='ocrx_word' id='word_1_65' title='bbox 345 1311 471 1378; x_wconf 89' lang='lat' dir='ltr'>Paulus</span> <span class='ocrx_word' id='word_1_66' title='bbox 503 1311 543 1379; x_wconf 89' lang='lat' dir='ltr'>dc</span> <span class='ocrx_word' id='word_1_67' title='bbox 574 1312 637 1379; x_wconf 90' lang='lat' dir='ltr'>hoc</span> <span class='ocrx_word' id='word_1_68' title='bbox 667 1333 804 1380; x_wconf 89' lang='lat' dir='ltr'>munero</span> <span class='ocrx_word' id='word_1_69' title='bbox 828 1313 989 1398; x_wconf 86' lang='lat' dir='ltr'>praefecti</span> <span class='ocrx_word' id='word_1_70' title='bbox 1011 1313 1150 1397; x_wconf 89' lang='lat' dir='ltr'>uigilum</span> <span class='ocrx_word' id='word_1_71' title='bbox 1173 1314 1341 1400; x_wconf 85' lang='lat' dir='ltr'>copiosius</span> 
     </span>
     <span class='ocr_line' id='line_1_11' title="bbox 52 1413 1341 1506; baseline 0.005 -25"><span class='ocrx_word' id='word_1_72' title='bbox 52 1413 223 1501; x_wconf 88' lang='lat' dir='ltr'>disseruit,</span> <span class='ocrx_word' id='word_1_73' title='bbox 259 1417 349 1504; x_wconf 89' lang='lat' dir='ltr'>apud</span> <span class='ocrx_word' id='word_1_74' title='bbox 383 1439 484 1506; x_wconf 89' lang='lat' dir='ltr'>quem</span> <span class='ocrx_word' id='word_1_75' title='bbox 517 1419 602 1485; x_wconf 92' lang='lat' dir='ltr'>haec</span> <span class='ocrx_word' id='word_1_76' title='bbox 634 1419 739 1486; x_wconf 90' lang='lat' dir='ltr'>uerba</span> <span class='ocrx_word' id='word_1_77' title='bbox 774 1419 897 1506; x_wconf 90' lang='lat' dir='ltr'>scripta</span> <span class='ocrx_word' id='word_1_78' title='bbox 931 1419 1101 1486; x_wconf 90' lang='lat' dir='ltr'>uidemus:</span> <span class='ocrx_word' id='word_1_79' title='bbox 1143 1419 1341 1504; x_wconf 76' lang='lat' dir='ltr'>,Cognoscit</span> 
     </span>
     <span class='ocr_line' id='line_1_12' title="bbox 50 1523 1340 1614; baseline 0.004 -26"><span class='ocrx_word' id='word_1_80' title='bbox 50 1523 248 1607; x_wconf 87' lang='lat' dir='ltr'>praefectus</span> <span class='ocrx_word' id='word_1_81' title='bbox 264 1525 402 1608; x_wconf 90' lang='lat' dir='ltr'>uigilum</span> <span class='ocrx_word' id='word_1_82' title='bbox 418 1524 459 1591; x_wconf 92' lang='lat' dir='ltr'>de</span> <span class='ocrx_word' id='word_1_83' title='bbox 474 1525 687 1592; x_wconf 83' lang='lat' dir='ltr'>incendiariis</span> <span class='ocrx_word' id='word_1_84' title='bbox 711 1525 944 1593; x_wconf 83' lang='lat' dir='ltr'>effractoribus</span> <span class='ocrx_word' id='word_1_85' title='bbox 959 1526 1090 1593; x_wconf 89' lang='lat' dir='ltr'>furibus</span> <span class='ocrx_word' id='word_1_86' title='bbox 1099 1529 1122 1610; x_wconf 74' lang='grc'>4)</span> <span class='ocrx_word' id='word_1_87' title='bbox 1145 1527 1340 1614; x_wconf 86' lang='lat' dir='ltr'>raptoribus</span> 
     </span>
     <span class='ocr_line' id='line_1_13' title="bbox 50 1632 1338 1722; baseline 0.006 -30"><span class='ocrx_word' id='word_1_88' title='bbox 50 1632 330 1718; x_wconf 86' lang='lat' dir='ltr'>receptatoribus,</span> <span class='ocrx_word' id='word_1_89' title='bbox 354 1632 420 1698; x_wconf 90' lang='lat' dir='ltr'>nisi</span> <span class='ocrx_word' id='word_1_90' title='bbox 443 1633 472 1698; x_wconf 90' lang='lat' dir='ltr'>si</span> <span class='ocrx_word' id='word_1_91' title='bbox 495 1635 657 1719; x_wconf 84' lang='lat' dir='ltr'>quotam</span> <span class='ocrx_word' id='word_1_92' title='bbox 680 1635 779 1700; x_wconf 86' lang='lat' dir='ltr'>atrox</span> <span class='ocrx_word' id='word_1_93' title='bbox 800 1635 939 1721; x_wconf 89' lang='lat' dir='ltr'>tamque</span> <span class='ocrx_word' id='word_1_94' title='bbox 961 1632 1094 1701; x_wconf 86' lang='lat' dir='ltr'>famosa</span> <span class='ocrx_word' id='word_1_95' title='bbox 1116 1653 1261 1722; x_wconf 90' lang='lat' dir='ltr'>persona</span> <span class='ocrx_word' id='word_1_96' title='bbox 1285 1635 1338 1718; x_wconf 90' lang='lat' dir='ltr'>sit,</span> 
     </span>
     <span class='ocr_line' id='line_1_14' title="bbox 51 1737 1341 1828; baseline 0.006 -28"><span class='ocrx_word' id='word_1_97' title='bbox 51 1739 87 1801; x_wconf 90' lang='lat' dir='ltr'>ut</span> <span class='ocrx_word' id='word_1_98' title='bbox 117 1737 294 1825; x_wconf 86' lang='lat' dir='ltr'>praefacto</span> <span class='ocrx_word' id='word_1_99' title='bbox 325 1739 398 1805; x_wconf 92' lang='lat' dir='ltr'>urbi</span> <span class='ocrx_word' id='word_1_100' title='bbox 428 1739 627 1806; x_wconf 87' lang='lat' dir='ltr'>remittatur.</span> <span class='ocrx_word' id='word_1_101' title='bbox 652 1743 686 1806; x_wconf 90' lang='lat' dir='ltr'>et</span> <span class='ocrx_word' id='word_1_102' title='bbox 716 1740 797 1826; x_wconf 89' lang='lat' dir='ltr'>quia</span> <span class='ocrx_word' id='word_1_103' title='bbox 826 1740 1023 1827; x_wconf 89' lang='lat' dir='ltr'>plerumque</span> <span class='ocrx_word' id='word_1_104' title='bbox 1054 1740 1210 1808; x_wconf 89' lang='lat' dir='ltr'>incendia</span> <span class='ocrx_word' id='word_1_105' title='bbox 1241 1741 1341 1828; x_wconf 89' lang='lat' dir='ltr'>culpa</span> 
     </span>
     <span class='ocr_line' id='line_1_15' title="bbox 51 1842 1339 1935; baseline 0.005 -26"><span class='ocrx_word' id='word_1_106' title='bbox 51 1842 141 1912; x_wconf 86' lang='lat' dir='ltr'>fiunt</span> <span class='ocrx_word' id='word_1_107' title='bbox 173 1845 449 1929; x_wconf 84' lang='lat' dir='ltr'>inhabitantium,</span> <span class='ocrx_word' id='word_1_108' title='bbox 481 1848 543 1912; x_wconf 89' lang='lat' dir='ltr'>aut</span> <span class='ocrx_word' id='word_1_109' title='bbox 571 1845 722 1913; x_wconf 88' lang='lat' dir='ltr'>fustibus</span> <span class='ocrx_word' id='word_1_110' title='bbox 753 1847 899 1930; x_wconf 88' lang='lat' dir='ltr'>castigat</span> <span class='ocrx_word' id='word_1_111' title='bbox 929 1868 986 1913; x_wconf 91' lang='lat' dir='ltr'>eos</span> <span class='ocrx_word' id='word_1_112' title='bbox 1018 1849 1076 1935; x_wconf 93' lang='lat' dir='ltr'>qui</span> <span class='ocrx_word' id='word_1_113' title='bbox 1105 1847 1339 1932; x_wconf 88' lang='lat' dir='ltr'>neglegentius</span> 
     </span>
     <span class='ocr_line' id='line_1_16' title="bbox 51 1949 1337 2036; baseline 0.005 -19"><span class='ocrx_word' id='word_1_114' title='bbox 51 1949 163 2033; x_wconf 81' lang='lat' dir='ltr'>ignem</span> <span class='ocrx_word' id='word_1_115' title='bbox 194 1953 397 2036; x_wconf 90' lang='lat' dir='ltr'>habuerunt,</span> <span class='ocrx_word' id='word_1_116' title='bbox 431 1957 491 2019; x_wconf 87' lang='lat' dir='ltr'>aut</span> <span class='ocrx_word' id='word_1_117' title='bbox 522 1973 641 2020; x_wconf 88' lang='lat' dir='ltr'>seuera</span> <span class='ocrx_word' id='word_1_118' title='bbox 670 1954 926 2022; x_wconf 88' lang='lat' dir='ltr'>interlocutione</span> <span class='ocrx_word' id='word_1_119' title='bbox 950 1956 1173 2022; x_wconf 89' lang='lat' dir='ltr'>comminatus</span> <span class='ocrx_word' id='word_1_120' title='bbox 1196 1954 1337 2022; x_wconf 89' lang='lat' dir='ltr'>fustium</span> 
     </span>
     <span class='ocr_line' id='line_1_17' title="bbox 52 2058 1337 2150; baseline 0.007 -30"><span class='ocrx_word' id='word_1_121' title='bbox 52 2058 312 2142; x_wconf 84' lang='lat' dir='ltr'>castigationem</span> <span class='ocrx_word' id='word_1_122' title='bbox 346 2061 487 2127; x_wconf 90' lang='lat' dir='ltr'>remittit</span> <span class='ocrx_word' id='word_1_123' title='bbox 650 2066 686 2127; x_wconf 90' lang='lat' dir='ltr'>ct</span> <span class='ocrx_word' id='word_1_124' title='bbox 720 2062 878 2128; x_wconf 89' lang='lat' dir='ltr'>custodes</span> <span class='ocrx_word' id='word_1_125' title='bbox 912 2061 1107 2148; x_wconf 89' lang='lat' dir='ltr'>plerumque</span> <span class='ocrx_word' id='word_1_126' title='bbox 1141 2063 1337 2150; x_wconf 87' lang='lat' dir='ltr'>puniuntur,</span> 
     </span>
     <span class='ocr_line' id='line_1_18' title="bbox 53 2165 1338 2256; baseline 0.007 -29"><span class='ocrx_word' id='word_1_127' title='bbox 53 2167 85 2228; x_wconf 90' lang='lat' dir='ltr'>et</span> <span class='ocrx_word' id='word_1_128' title='bbox 114 2166 169 2232; x_wconf 93' lang='lat' dir='ltr'>ita</span> <span class='ocrx_word' id='word_1_129' title='bbox 204 2165 302 2233; x_wconf 90' lang='lat' dir='ltr'>diuus</span> <span class='ocrx_word' id='word_1_130' title='bbox 326 2168 518 2234; x_wconf 86' lang='lat' dir='ltr'>Antoninus</span> <span class='ocrx_word' id='word_1_131' title='bbox 540 2167 659 2234; x_wconf 79' lang='lat' dir='ltr'>Erucio</span> <span class='ocrx_word' id='word_1_132' title='bbox 691 2167 786 2234; x_wconf 84' lang='lat' dir='ltr'>Glaro</span> <span class='ocrx_word' id='word_1_133' title='bbox 820 2169 997 2255; x_wconf 88' lang='lat' dir='ltr'>rescripsit</span> <span class='ocrx_word' id='word_1_134' title='bbox 1032 2169 1081 2235; x_wconf 90' lang='lat' dir='ltr'>ait</span> <span class='ocrx_word' id='word_1_135' title='bbox 1115 2170 1205 2236; x_wconf 89' lang='lat' dir='ltr'>anim</span> <span class='ocrx_word' id='word_1_136' title='bbox 1238 2190 1338 2256; x_wconf 89' lang='lat' dir='ltr'>posse</span> 
     </span>
     <span class='ocr_line' id='line_1_19' title="bbox 53 2273 1336 2361; baseline 0.005 -25"><span class='ocrx_word' id='word_1_137' title='bbox 53 2291 128 2338; x_wconf 88' lang='lat' dir='ltr'>eum</span> <span class='ocrx_word' id='word_1_138' title='bbox 160 2273 288 2340; x_wconf 88' lang='lat' dir='ltr'>horreis</span> <span class='ocrx_word' id='word_1_139' title='bbox 320 2274 468 2342; x_wconf 88' lang='lat' dir='ltr'>effractis</span> <span class='ocrx_word' id='word_1_140' title='bbox 499 2276 732 2361; x_wconf 87' lang='lat' dir='ltr'>quaestionem</span> <span class='ocrx_word' id='word_1_141' title='bbox 762 2274 885 2341; x_wconf 89' lang='lat' dir='ltr'>habere</span> <span class='ocrx_word' id='word_1_142' title='bbox 917 2273 958 2340; x_wconf 94' lang='lat' dir='ltr'>de</span> <span class='ocrx_word' id='word_1_143' title='bbox 990 2275 1097 2342; x_wconf 90' lang='lat' dir='ltr'>seruis</span> <span class='ocrx_word' id='word_1_144' title='bbox 1130 2275 1336 2360; x_wconf 90' lang='lat' dir='ltr'>custodibus,</span> 
     </span>
     <span class='ocr_line' id='line_1_20' title="bbox 51 2375 1338 2470; baseline 0.003 -26"><span class='ocrx_word' id='word_1_145' title='bbox 51 2375 128 2447; x_wconf 90' lang='lat' dir='ltr'>licet</span> <span class='ocrx_word' id='word_1_146' title='bbox 160 2380 198 2446; x_wconf 92' lang='lat' dir='ltr'>in</span> <span class='ocrx_word' id='word_1_147' title='bbox 228 2379 293 2447; x_wconf 87' lang='lat' dir='ltr'>illis</span> <span class='ocrx_word' id='word_1_148' title='bbox 322 2381 427 2467; x_wconf 90' lang='lat' dir='ltr'>ipsius</span> <span class='ocrx_word' id='word_1_149' title='bbox 458 2381 668 2468; x_wconf 85' lang='lat' dir='ltr'>imperatoris</span> <span class='ocrx_word' id='word_1_150' title='bbox 699 2383 806 2468; x_wconf 91' lang='lat' dir='ltr'>portio</span> <span class='ocrx_word' id='word_1_151' title='bbox 834 2386 933 2448; x_wconf 89' lang='lat' dir='ltr'>asset.</span> <span class='ocrx_word' id='word_1_152' title='bbox 968 2381 1131 2448; x_wconf 89' lang='lat' dir='ltr'>aduersus</span> <span class='ocrx_word' id='word_1_153' title='bbox 1166 2383 1338 2470; x_wconf 88' lang='lat' dir='ltr'>capsarios</span> 
     </span>
     <span class='ocr_line' id='line_1_21' title="bbox 53 2487 1338 2576; baseline 0.003 -26"><span class='ocrx_word' id='word_1_154' title='bbox 53 2505 196 2575; x_wconf 89' lang='lat' dir='ltr'>quoque,</span> <span class='ocrx_word' id='word_1_155' title='bbox 219 2488 277 2574; x_wconf 90' lang='lat' dir='ltr'>qui</span> <span class='ocrx_word' id='word_1_156' title='bbox 307 2488 457 2555; x_wconf 88' lang='lat' dir='ltr'>mercede</span> <span class='ocrx_word' id='word_1_157' title='bbox 489 2488 657 2555; x_wconf 90' lang='lat' dir='ltr'>seruanda</span> <span class='ocrx_word' id='word_1_158' title='bbox 687 2491 723 2555; x_wconf 92' lang='lat' dir='ltr'>in</span> <span class='ocrx_word' id='word_1_159' title='bbox 746 2487 887 2556; x_wconf 90' lang='lat' dir='ltr'>balineis</span> <span class='ocrx_word' id='word_1_160' title='bbox 910 2489 1116 2555; x_wconf 87' lang='lat' dir='ltr'>uestimenta</span> <span class='ocrx_word' id='word_1_161' title='bbox 1139 2489 1338 2576; x_wconf 85' lang='lat' dir='ltr'>suscipiunt,</span> 
     </span>
     <span class='ocr_line' id='line_1_22' title="bbox 53 2590 1338 2683; baseline 0.005 -27"><span class='ocrx_word' id='word_1_162' title='bbox 53 2590 154 2660; x_wconf 90' lang='lat' dir='ltr'>iudex</span> <span class='ocrx_word' id='word_1_163' title='bbox 186 2597 238 2661; x_wconf 84' lang='lat' dir='ltr'>est</span> <span class='ocrx_word' id='word_1_164' title='bbox 268 2598 482 2681; x_wconf 90' lang='lat' dir='ltr'>constitutus,</span> <span class='ocrx_word' id='word_1_165' title='bbox 514 2600 563 2677; x_wconf 87' lang='lat' dir='ltr'>ut,</span> <span class='ocrx_word' id='word_1_166' title='bbox 595 2597 624 2661; x_wconf 90' lang='lat' dir='ltr'>si</span> <span class='ocrx_word' id='word_1_167' title='bbox 647 2595 726 2683; x_wconf 90' lang='lat' dir='ltr'>quid</span> <span class='ocrx_word' id='word_1_168' title='bbox 747 2596 783 2661; x_wconf 93' lang='lat' dir='ltr'>in</span> <span class='ocrx_word' id='word_1_169' title='bbox 807 2594 983 2662; x_wconf 89' lang='lat' dir='ltr'>seruandis</span> <span class='ocrx_word' id='word_1_170' title='bbox 1007 2596 1220 2662; x_wconf 89' lang='lat' dir='ltr'>uestimentis</span> <span class='ocrx_word' id='word_1_171' title='bbox 1243 2596 1338 2662; x_wconf 91' lang='lat' dir='ltr'>frau-</span> 
     </span>
     <span class='ocr_line' id='line_1_23' title="bbox 54 2697 1338 2788; baseline 0.003 -24"><span class='ocrx_word' id='word_1_172' title='bbox 54 2697 209 2768; x_wconf 86' lang='lat' dir='ltr'>dulenter</span> <span class='ocrx_word' id='word_1_173' title='bbox 239 2701 443 2786; x_wconf 89' lang='lat' dir='ltr'>admiserint,</span> <span class='ocrx_word' id='word_1_174' title='bbox 475 2703 547 2788; x_wconf 90' lang='lat' dir='ltr'>ipse</span> <span class='ocrx_word' id='word_1_175' title='bbox 578 2704 766 2786; x_wconf 87' lang='lat' dir='ltr'>cognoscat.</span> <span class='ocrx_word' id='word_1_176' title='bbox 797 2702 1014 2788; x_wconf 89' lang='lat' dir='ltr'>imperatores</span> <span class='ocrx_word' id='word_1_177' title='bbox 1038 2701 1183 2768; x_wconf 87' lang='lat' dir='ltr'>Seuerus</span> <span class='ocrx_word' id='word_1_178' title='bbox 1208 2704 1243 2770; x_wconf 90' lang='lat' dir='ltr'>et</span> <span class='ocrx_word' id='word_1_179' title='bbox 1265 2705 1338 2768; x_wconf 87' lang='lat' dir='ltr'>An·</span> 
     </span>
     <span class='ocr_line' id='line_1_24' title="bbox 54 2807 1336 2896; baseline 0.004 -25"><span class='ocrx_word' id='word_1_180' title='bbox 54 2807 192 2874; x_wconf 91' lang='lat' dir='ltr'>toninus</span> <span class='ocrx_word' id='word_1_181' title='bbox 215 2808 309 2875; x_wconf 89' lang='lat' dir='ltr'>Iunio</span> <span class='ocrx_word' id='word_1_182' title='bbox 332 2809 457 2875; x_wconf 84' lang='lat' dir='ltr'>Rufino</span> <span class='ocrx_word' id='word_1_183' title='bbox 485 2807 654 2895; x_wconf 89' lang='lat' dir='ltr'>praefecto</span> <span class='ocrx_word' id='word_1_184' title='bbox 685 2807 823 2890; x_wconf 91' lang='lat' dir='ltr'>uigilum</span> <span class='ocrx_word' id='word_1_185' title='bbox 853 2809 903 2875; x_wconf 88' lang='lat' dir='ltr'>ita</span> <span class='ocrx_word' id='word_1_186' title='bbox 930 2809 1187 2896; x_wconf 88' lang='lat' dir='ltr'>rescripserunt:</span> <span class='ocrx_word' id='word_1_187' title='bbox 1210 2809 1336 2876; x_wconf 89' lang='lat' dir='ltr'>insula·</span> 
     </span>
     <span class='ocr_line' id='line_1_25' title="bbox 54 2913 1337 3003; baseline 0.005 -27"><span class='ocrx_word' id='word_1_188' title='bbox 54 2913 117 2981; x_wconf 91' lang='lat' dir='ltr'>rios</span> <span class='ocrx_word' id='word_1_189' title='bbox 143 2917 180 2982; x_wconf 88' lang='lat' dir='ltr'>at</span> <span class='ocrx_word' id='word_1_190' title='bbox 202 2936 259 2982; x_wconf 92' lang='lat' dir='ltr'>eos</span> <span class='ocrx_word' id='word_1_191' title='bbox 282 2917 339 3003; x_wconf 93' lang='lat' dir='ltr'>qui</span> <span class='ocrx_word' id='word_1_192' title='bbox 362 2915 577 2999; x_wconf 88' lang='lat' dir='ltr'>neglegenter</span> <span class='ocrx_word' id='word_1_193' title='bbox 605 2916 699 2997; x_wconf 88' lang='lat' dir='ltr'>ignes</span> <span class='ocrx_word' id='word_1_194' title='bbox 723 2913 813 3001; x_wconf 89' lang='lat' dir='ltr'>apud</span> <span class='ocrx_word' id='word_1_195' title='bbox 836 2936 873 2981; x_wconf 89' lang='lat' dir='ltr'>se</span> <span class='ocrx_word' id='word_1_196' title='bbox 894 2914 1084 3000; x_wconf 89' lang='lat' dir='ltr'>habuerint,</span> <span class='ocrx_word' id='word_1_197' title='bbox 1113 2917 1211 3002; x_wconf 88' lang='lat' dir='ltr'>potes</span> <span class='ocrx_word' id='word_1_198' title='bbox 1234 2915 1337 2982; x_wconf 91' lang='lat' dir='ltr'>fusti-</span> 
     </span>
     <span class='ocr_line' id='line_1_26' title="bbox 55 3018 1337 3109; baseline 0.002 -24"><span class='ocrx_word' id='word_1_199' title='bbox 55 3018 115 3087; x_wconf 89' lang='lat' dir='ltr'>bus</span> <span class='ocrx_word' id='word_1_200' title='bbox 139 3023 197 3089; x_wconf 91' lang='lat' dir='ltr'>uel</span> <span class='ocrx_word' id='word_1_201' title='bbox 218 3021 361 3107; x_wconf 89' lang='lat' dir='ltr'>flagellis</span> <span class='ocrx_word' id='word_1_202' title='bbox 385 3022 479 3089; x_wconf 89' lang='lat' dir='ltr'>caedi</span> <span class='ocrx_word' id='word_1_203' title='bbox 502 3023 647 3091; x_wconf 87' lang='lat' dir='ltr'>iubere.“</span> <span class='ocrx_word' id='word_1_204' title='bbox 672 3022 719 3088; x_wconf 88' lang='lat' dir='ltr'>At</span> <span class='ocrx_word' id='word_1_205' title='bbox 741 3021 830 3109; x_wconf 90' lang='lat' dir='ltr'>quod</span> <span class='ocrx_word' id='word_1_206' title='bbox 854 3024 956 3109; x_wconf 89' lang='lat' dir='ltr'>caput</span> <span class='ocrx_word' id='word_1_207' title='bbox 978 3024 1041 3106; x_wconf 88' lang='lat' dir='ltr'>est,</span> <span class='ocrx_word' id='word_1_208' title='bbox 1066 3023 1226 3109; x_wconf 90' lang='lat' dir='ltr'>capitales</span> <span class='ocrx_word' id='word_1_209' title='bbox 1255 3044 1337 3090; x_wconf 89' lang='lat' dir='ltr'>cau-</span> 
     </span>
    </p>
   </div>
   <div class='ocr_carea' id='block_1_3' title="bbox 54 3137 1337 3807">
    <p class='ocr_par' dir='ltr' id='par_1_5' title="bbox 54 3137 268 3163">
     <span class='ocr_line' id='line_1_27' title="bbox 54 3137 268 3163; baseline -0.014 0"><span class='ocrx_word' id='word_1_210' title='bbox 54 3137 268 3163; x_wconf 82' lang='lat' dir='ltr'>t-——--—-</span> 
     </span>
    </p>

    <p class='ocr_par' dir='ltr' id='par_1_6' title="bbox 55 3198 1337 3807">
     <span class='ocr_line' id='line_1_28' title="bbox 55 3198 1337 3268; baseline 0.004 -18"><span class='ocrx_word' id='word_1_211' title='bbox 55 3198 255 3256; x_wconf 85' lang='lat' dir='ltr'>inflammatas.</span> <span class='ocrx_word' id='word_1_212' title='bbox 292 3200 347 3255; x_wconf 88' lang='lat' dir='ltr'>Alii</span> <span class='ocrx_word' id='word_1_213' title='bbox 374 3201 497 3256; x_wconf 85' lang='lat' dir='ltr'>retinent</span> <span class='ocrx_word' id='word_1_214' title='bbox 524 3201 676 3256; x_wconf 81' lang='lat' dir='ltr'>calciatum</span> <span class='ocrx_word' id='word_1_215' title='bbox 704 3217 767 3256; x_wconf 91' lang='lat' dir='ltr'>cum</span> <span class='ocrx_word' id='word_1_216' title='bbox 796 3199 894 3257; x_wconf 88' lang='lat' dir='ltr'>dicunt</span> <span class='ocrx_word' id='word_1_217' title='bbox 921 3199 996 3256; x_wconf 89' lang='lat' dir='ltr'>hanc</span> <span class='ocrx_word' id='word_1_218' title='bbox 1024 3198 1164 3255; x_wconf 87' lang='lat' dir='ltr'>rationem</span> <span class='ocrx_word' id='word_1_219' title='bbox 1187 3200 1337 3268; x_wconf 86' lang='lat' dir='ltr'>subfuisse,</span> 
     </span>
     <span class='ocr_line' id='line_1_29' title="bbox 56 3288 1337 3361; baseline 0.003 -21"><span class='ocrx_word' id='word_1_220' title='bbox 56 3295 84 3342; x_wconf 91' lang='lat' dir='ltr'>ut</span> <span class='ocrx_word' id='word_1_221' title='bbox 96 3290 254 3346; x_wconf 88' lang='lat' dir='ltr'>uelociores</span> <span class='ocrx_word' id='word_1_222' title='bbox 267 3290 385 3361; x_wconf 90' lang='lat' dir='ltr'>pedibus</span> <span class='ocrx_word' id='word_1_223' title='bbox 398 3293 501 3355; x_wconf 88' lang='lat' dir='ltr'>essent,</span> <span class='ocrx_word' id='word_1_224' title='bbox 522 3291 546 3344; x_wconf 90' lang='lat' dir='ltr'>si</span> <span class='ocrx_word' id='word_1_225' title='bbox 559 3291 604 3345; x_wconf 90' lang='lat' dir='ltr'>cui</span> <span class='ocrx_word' id='word_1_226' title='bbox 616 3290 746 3345; x_wconf 91' lang='lat' dir='ltr'>incendio</span> <span class='ocrx_word' id='word_1_227' title='bbox 760 3288 964 3360; x_wconf 85' lang='lat' dir='ltr'>exstinguendo</span> <span class='ocrx_word' id='word_1_228' title='bbox 983 3289 1118 3344; x_wconf 87' lang='lat' dir='ltr'>interesse</span> <span class='ocrx_word' id='word_1_229' title='bbox 1137 3289 1273 3345; x_wconf 85' lang='lat' dir='ltr'>deberent</span> <span class='ocrx_word' id='word_1_230' title='bbox 1291 3290 1337 3344; x_wconf 87' lang='lat' dir='ltr'>uel</span> 
     </span>
     <span class='ocr_line' id='line_1_30' title="bbox 55 3375 1337 3451; baseline 0.002 -21"><span class='ocrx_word' id='word_1_231' title='bbox 55 3375 127 3435; x_wconf 86' lang='lat' dir='ltr'>hanc</span> <span class='ocrx_word' id='word_1_232' title='bbox 153 3395 256 3434; x_wconf 88' lang='lat' dir='ltr'>uocem</span> <span class='ocrx_word' id='word_1_233' title='bbox 277 3379 402 3435; x_wconf 85' lang='lat' dir='ltr'>indicare</span> <span class='ocrx_word' id='word_1_234' title='bbox 425 3379 544 3450; x_wconf 89' lang='lat' dir='ltr'>pedibus</span> <span class='ocrx_word' id='word_1_235' title='bbox 570 3395 628 3434; x_wconf 92' lang='lat' dir='ltr'>non</span> <span class='ocrx_word' id='word_1_236' title='bbox 653 3379 732 3451; x_wconf 90' lang='lat' dir='ltr'>equis</span> <span class='ocrx_word' id='word_1_237' title='bbox 760 3378 934 3450; x_wconf 87' lang='lat' dir='ltr'>praefectum</span> <span class='ocrx_word' id='word_1_238' title='bbox 954 3393 1083 3432; x_wconf 89' lang='lat' dir='ltr'>coerrare</span> <span class='ocrx_word' id='word_1_239' title='bbox 1101 3378 1239 3435; x_wconf 87' lang='lat' dir='ltr'>debuisse.</span> <span class='ocrx_word' id='word_1_240' title='bbox 1279 3377 1337 3434; x_wconf 84' lang='lat' dir='ltr'>Alfi</span> 
     </span>
     <span class='ocr_line' id='line_1_31' title="bbox 55 3466 1336 3540; baseline 0.002 -20"><span class='ocrx_word' id='word_1_241' title='bbox 55 3467 191 3524; x_wconf 85' lang='lat' dir='ltr'>mirantur</span> <span class='ocrx_word' id='word_1_242' title='bbox 213 3485 263 3524; x_wconf 91' lang='lat' dir='ltr'>cur</span> <span class='ocrx_word' id='word_1_243' title='bbox 280 3469 335 3524; x_wconf 90' lang='lat' dir='ltr'>hoo</span> <span class='ocrx_word' id='word_1_244' title='bbox 358 3472 418 3524; x_wconf 88' lang='lat' dir='ltr'>tam</span> <span class='ocrx_word' id='word_1_245' title='bbox 436 3468 556 3524; x_wconf 87' lang='lat' dir='ltr'>sollicite</span> <span class='ocrx_word' id='word_1_246' title='bbox 575 3485 593 3522; x_wconf 86' lang='lat' dir='ltr'>a</span> <span class='ocrx_word' id='word_1_247' title='bbox 610 3468 700 3523; x_wconf 89' lang='lat' dir='ltr'>Paulo</span> <span class='ocrx_word' id='word_1_248' title='bbox 725 3468 867 3523; x_wconf 84' lang='lat' dir='ltr'>adiectum</span> <span class='ocrx_word' id='word_1_249' title='bbox 890 3467 937 3534; x_wconf 90' lang='lat' dir='ltr'>sit,</span> <span class='ocrx_word' id='word_1_250' title='bbox 957 3467 1032 3538; x_wconf 91' lang='lat' dir='ltr'>quod</span> <span class='ocrx_word' id='word_1_251' title='bbox 1050 3466 1171 3522; x_wconf 84' lang='lat' dir='ltr'>Romani</span> <span class='ocrx_word' id='word_1_252' title='bbox 1188 3483 1336 3540; x_wconf 90' lang='lat' dir='ltr'>nunquam</span> 
     </span>
     <span class='ocr_line' id='line_1_32' title="bbox 55 3555 1335 3629; baseline 0.002 -19"><span class='ocrx_word' id='word_1_253' title='bbox 55 3557 112 3614; x_wconf 86' lang='lat' dir='ltr'>sine</span> <span class='ocrx_word' id='word_1_254' title='bbox 131 3558 269 3614; x_wconf 86' lang='lat' dir='ltr'>dedecore</span> <span class='ocrx_word' id='word_1_255' title='bbox 294 3559 323 3612; x_wconf 93' lang='lat' dir='ltr'>in</span> <span class='ocrx_word' id='word_1_256' title='bbox 340 3557 482 3629; x_wconf 91' lang='lat' dir='ltr'>publicum</span> <span class='ocrx_word' id='word_1_257' title='bbox 500 3556 661 3628; x_wconf 88' lang='lat' dir='ltr'>prodierint.</span> <span class='ocrx_word' id='word_1_258' title='bbox 698 3557 786 3611; x_wconf 92' lang='lat' dir='ltr'>lmmo</span> <span class='ocrx_word' id='word_1_259' title='bbox 806 3555 939 3627; x_wconf 89' lang='lat' dir='ltr'>equidem</span> <span class='ocrx_word' id='word_1_260' title='bbox 958 3563 1059 3627; x_wconf 84' lang='lat' dir='ltr'>putare</span> <span class='ocrx_word' id='word_1_261' title='bbox 1083 3557 1158 3611; x_wconf 87' lang='lat' dir='ltr'>malo</span> <span class='ocrx_word' id='word_1_262' title='bbox 1184 3555 1335 3612; x_wconf 90' lang='lat' dir='ltr'>calciatum</span> 
     </span>
     <span class='ocr_line' id='line_1_33' title="bbox 55 3645 1336 3720; baseline 0.002 -22"><span class='ocrx_word' id='word_1_263' title='bbox 55 3647 230 3703; x_wconf 87' lang='lat' dir='ltr'>retinendum</span> <span class='ocrx_word' id='word_1_264' title='bbox 254 3665 325 3714; x_wconf 88' lang='lat' dir='ltr'>esse,</span> <span class='ocrx_word' id='word_1_265' title='bbox 345 3647 420 3720; x_wconf 91' lang='lat' dir='ltr'>quod</span> <span class='ocrx_word' id='word_1_266' title='bbox 446 3647 550 3703; x_wconf 84' lang='lat' dir='ltr'>librarii</span> <span class='ocrx_word' id='word_1_267' title='bbox 568 3662 661 3702; x_wconf 89' lang='lat' dir='ltr'>errore</span> <span class='ocrx_word' id='word_1_268' title='bbox 679 3661 740 3700; x_wconf 90' lang='lat' dir='ltr'>oum</span> <span class='ocrx_word' id='word_1_269' title='bbox 760 3659 887 3701; x_wconf 83' lang='lat' dir='ltr'>coartare</span> <span class='ocrx_word' id='word_1_270' title='bbox 907 3647 952 3701; x_wconf 90' lang='lat' dir='ltr'>est</span> <span class='ocrx_word' id='word_1_271' title='bbox 971 3647 1161 3713; x_wconf 88' lang='lat' dir='ltr'>coniunctum,</span> <span class='ocrx_word' id='word_1_272' title='bbox 1180 3645 1256 3718; x_wconf 91' lang='lat' dir='ltr'>quod</span> <span class='ocrx_word' id='word_1_273' title='bbox 1275 3646 1336 3702; x_wconf 90' lang='lat' dir='ltr'>sine</span> 
     </span>
     <span class='ocr_line' id='line_1_34' title="bbox 56 3734 1335 3807; baseline 0.001 -18"><span class='ocrx_word' id='word_1_274' title='bbox 56 3736 247 3792; x_wconf 88' lang='lat' dir='ltr'>controuersia</span> <span class='ocrx_word' id='word_1_275' title='bbox 265 3753 329 3792; x_wconf 87' lang='lat' dir='ltr'>cum</span> <span class='ocrx_word' id='word_1_276' title='bbox 347 3736 463 3807; x_wconf 86' lang='lat' dir='ltr'>uigilare</span> <span class='ocrx_word' id='word_1_277' title='bbox 482 3739 526 3792; x_wconf 88' lang='lat' dir='ltr'>est</span> <span class='ocrx_word' id='word_1_278' title='bbox 543 3735 725 3806; x_wconf 87' lang='lat' dir='ltr'>iungendum.</span> <span class='ocrx_word' id='word_1_279' title='bbox 753 3735 826 3790; x_wconf 90' lang='lat' dir='ltr'>Nam</span> <span class='ocrx_word' id='word_1_280' title='bbox 844 3734 942 3790; x_wconf 87' lang='lat' dir='ltr'>uestiti</span> <span class='ocrx_word' id='word_1_281' title='bbox 961 3737 1048 3807; x_wconf 87' lang='lat' dir='ltr'>atque</span> <span class='ocrx_word' id='word_1_282' title='bbox 1066 3734 1179 3790; x_wconf 87' lang='lat' dir='ltr'>calciati</span> <span class='ocrx_word' id='word_1_283' title='bbox 1196 3735 1335 3807; x_wconf 88' lang='lat' dir='ltr'>praefecti</span> 
     </span>
    </p>
   </div>
   <div class='ocr_carea' id='block_1_4' title="bbox 56 3825 490 3897">
    <p class='ocr_par' dir='ltr' id='par_1_7' title="bbox 56 3825 490 3897">
     <span class='ocr_line' id='line_1_35' title="bbox 56 3825 490 3897; baseline 0.005 -18"><span class='ocrx_word' id='word_1_284' title='bbox 56 3825 170 3897; x_wconf 85' lang='lat' dir='ltr'>uigilum</span> <span class='ocrx_word' id='word_1_285' title='bbox 188 3826 304 3896; x_wconf 85' lang='lat' dir='ltr'>uigilare</span> <span class='ocrx_word' id='word_1_286' title='bbox 324 3826 490 3882; x_wconf 88' lang='lat' dir='ltr'>debuerunt.</span> 
     </span>
    </p>
   </div>
   <div class='ocr_carea' id='block_1_5' title="bbox 56 3915 1335 4597">
    <p class='ocr_par' dir='ltr' id='par_1_8' title="bbox 161 3915 482 3985">
     <span class='ocr_line' id='line_1_36' title="bbox 161 3915 482 3985; baseline 0.003 -15"><span class='ocrx_word' id='word_1_287' title='bbox 161 3916 180 3985; x_wconf 83' lang='grc'>1)</span> <span class='ocrx_word' id='word_1_288' title='bbox 199 3915 266 3970; x_wconf 82' lang='lat' dir='ltr'>Tac.</span> <span class='ocrx_word' id='word_1_289' title='bbox 285 3932 350 3972; x_wconf 91' lang='lat' dir='ltr'>ann.</span> <span class='ocrx_word' id='word_1_290' title='bbox 369 3915 421 3970; x_wconf 92' lang='lat' dir='ltr'>XV</span> <span class='ocrx_word' id='word_1_291' title='bbox 438 3915 482 3971; x_wconf 83' lang='lat'>43.</span> 
     </span>
    </p>

    <p class='ocr_par' dir='ltr' id='par_1_9' title="bbox 160 4001 1162 4076">
     <span class='ocr_line' id='line_1_37' title="bbox 160 4001 1162 4076; baseline -0.004 -17"><span class='ocrx_word' id='word_1_292' title='bbox 160 4005 179 4074; x_wconf 69' lang='grc'>1)</span> <span class='ocrx_word' id='word_1_293' title='bbox 199 4005 339 4060; x_wconf 88' lang='lat' dir='ltr'>Bremcr</span> <span class='ocrx_word' id='word_1_294' title='bbox 356 4004 374 4060; x_wconf 89' lang='lat' dir='ltr'>l.</span> <span class='ocrx_word' id='word_1_295' title='bbox 394 4021 416 4060; x_wconf 90' lang='lat' dir='ltr'>s.</span> <span class='ocrx_word' id='word_1_296' title='bbox 435 4021 462 4076; x_wconf 94' lang='lat' dir='ltr'>p.</span> <span class='ocrx_word' id='word_1_297' title='bbox 481 4003 525 4060; x_wconf 78' lang='lat'>33.</span> <span class='ocrx_word' id='word_1_298' title='bbox 562 4004 765 4070; x_wconf 85' lang='lat' dir='ltr'>Mommsen,</span> <span class='ocrx_word' id='word_1_299' title='bbox 784 4002 853 4058; x_wconf 78' lang='lat' dir='ltr'>rbm.</span> <span class='ocrx_word' id='word_1_300' title='bbox 873 4001 1036 4058; x_wconf 89' lang='lat' dir='ltr'>Strafrecht</span> <span class='ocrx_word' id='word_1_301' title='bbox 1054 4018 1081 4073; x_wconf 92' lang='lat' dir='ltr'>p.</span> <span class='ocrx_word' id='word_1_302' title='bbox 1099 4001 1162 4056; x_wconf 75' lang='lat'>274.</span> 
     </span>
    </p>

    <p class='ocr_par' dir='ltr' id='par_1_10' title="bbox 56 4089 1335 4255">
     <span class='ocr_line' id='line_1_38' title="bbox 160 4089 1335 4167; baseline -0.003 -19"><span class='ocrx_word' id='word_1_303' title='bbox 160 4094 356 4165; x_wconf 77' lang='lat' dir='ltr'>³)Bremer</span> <span class='ocrx_word' id='word_1_304' title='bbox 382 4094 400 4149; x_wconf 97' lang='lat' dir='ltr'>l.</span> <span class='ocrx_word' id='word_1_305' title='bbox 428 4110 450 4150; x_wconf 91' lang='lat' dir='ltr'>s.</span> <span class='ocrx_word' id='word_1_306' title='bbox 478 4111 505 4166; x_wconf 90' lang='lat' dir='ltr'>p.</span> <span class='ocrx_word' id='word_1_307' title='bbox 526 4093 540 4149; x_wconf 95' lang='grc'>1</span> <span class='ocrx_word' id='word_1_308' title='bbox 560 4109 603 4167; x_wconf 88' lang='lat' dir='ltr'>sq.</span> <span class='ocrx_word' id='word_1_309' title='bbox 631 4093 843 4149; x_wconf 86' lang='lat' dir='ltr'>Mommsen</span> <span class='ocrx_word' id='word_1_310' title='bbox 871 4091 909 4146; x_wconf 88' lang='lat' dir='ltr'>ad</span> <span class='ocrx_word' id='word_1_311' title='bbox 937 4091 965 4147; x_wconf 82' lang='grc'>0.</span> <span class='ocrx_word' id='word_1_312' title='bbox 993 4092 1013 4147; x_wconf 88' lang='lat'>1.</span> <span class='ocrx_word' id='word_1_313' title='bbox 1032 4092 1064 4146; x_wconf 74' lang='lat'>1..</span> <span class='ocrx_word' id='word_1_314' title='bbox 1085 4089 1200 4146; x_wconf 74' lang='lat' dir='ltr'>vireo.</span> <span class='ocrx_word' id='word_1_315' title='bbox 1233 4090 1335 4145; x_wconf 87' lang='lat' dir='ltr'>idem</span> 
     </span>
     <span class='ocr_line' id='line_1_39' title="bbox 56 4177 1334 4255; baseline -0.003 -17"><span class='ocrx_word' id='word_1_316' title='bbox 56 4177 87 4241; x_wconf 85' lang='lat' dir='ltr'>lt.</span> <span class='ocrx_word' id='word_1_317' title='bbox 105 4185 193 4241; x_wconf 78' lang='lat' dir='ltr'>st-R.</span> <span class='ocrx_word' id='word_1_318' title='bbox 212 4183 255 4238; x_wconf 80' lang='lat'>11⁸</span> <span class='ocrx_word' id='word_1_319' title='bbox 273 4202 300 4255; x_wconf 92' lang='lat' dir='ltr'>p.</span> <span class='ocrx_word' id='word_1_320' title='bbox 321 4183 390 4240; x_wconf 74' lang='lat'>1057</span> <span class='ocrx_word' id='word_1_321' title='bbox 402 4199 443 4255; x_wconf 88' lang='lat' dir='ltr'>sq.</span> <span class='ocrx_word' id='word_1_322' title='bbox 480 4183 680 4248; x_wconf 85' lang='lat' dir='ltr'>Karlowa,</span> <span class='ocrx_word' id='word_1_323' title='bbox 699 4181 768 4237; x_wconf 75' lang='lat' dir='ltr'>rim.</span> <span class='ocrx_word' id='word_1_324' title='bbox 787 4179 1062 4251; x_wconf 84' lang='lat' dir='ltr'>Rechtsgeschichtc</span> <span class='ocrx_word' id='word_1_325' title='bbox 1081 4180 1094 4235; x_wconf 96' lang='lat' dir='ltr'>l</span> <span class='ocrx_word' id='word_1_326' title='bbox 1112 4196 1138 4252; x_wconf 92' lang='lat' dir='ltr'>p.</span> <span class='ocrx_word' id='word_1_327' title='bbox 1151 4178 1205 4236; x_wconf 87' lang='grc'>559</span> <span class='ocrx_word' id='word_1_328' title='bbox 1223 4179 1289 4234; x_wconf 86' lang='lat' dir='ltr'>adn.</span> <span class='ocrx_word' id='word_1_329' title='bbox 1308 4179 1334 4234; x_wconf 87' lang='grc'>3.</span> 
     </span>
    </p>

    <p class='ocr_par' dir='ltr' id='par_1_11' title="bbox 58 4267 1334 4597">
     <span class='ocr_line' id='line_1_40' title="bbox 158 4267 1334 4344; baseline -0.005 -16"><span class='ocrx_word' id='word_1_330' title='bbox 158 4274 179 4344; x_wconf 66' lang='grc' dir='ltr'>ι)</span> <span class='ocrx_word' id='word_1_331' title='bbox 198 4273 266 4328; x_wconf 87' lang='lat' dir='ltr'>coni</span> <span class='ocrx_word' id='word_1_332' title='bbox 283 4273 369 4329; x_wconf 87' lang='lat' dir='ltr'>etiam</span> <span class='ocrx_word' id='word_1_333' title='bbox 387 4273 450 4343; x_wconf 89' lang='lat' dir='ltr'>ng.</span> <span class='ocrx_word' id='word_1_334' title='bbox 468 4271 569 4328; x_wconf 80' lang='lat' dir='ltr'>XLVII</span> <span class='ocrx_word' id='word_1_335' title='bbox 587 4272 613 4338; x_wconf 86' lang='lat'>2,</span> <span class='ocrx_word' id='word_1_336' title='bbox 633 4271 668 4328; x_wconf 74' lang='grc'>57</span> <span class='ocrx_word' id='word_1_337' title='bbox 687 4271 754 4342; x_wconf 75' lang='lat'>[5612</span> <span class='ocrx_word' id='word_1_338' title='bbox 781 4270 828 4342; x_wconf 92' lang='lat' dir='ltr'>qui</span> <span class='ocrx_word' id='word_1_339' title='bbox 851 4270 944 4326; x_wconf 89' lang='lat' dir='ltr'>furem</span> <span class='ocrx_word' id='word_1_340' title='bbox 971 4269 1085 4325; x_wconf 87' lang='lat' dir='ltr'>deducit</span> <span class='ocrx_word' id='word_1_341' title='bbox 1103 4268 1140 4324; x_wconf 91' lang='lat' dir='ltr'>ad</span> <span class='ocrx_word' id='word_1_342' title='bbox 1157 4267 1334 4340; x_wconf 88' lang='lat' dir='ltr'>praefectum</span> 
     </span>
     <span class='ocr_line' id='line_1_41' title="bbox 58 4359 1333 4436; baseline -0.005 -17"><span class='ocrx_word' id='word_1_343' title='bbox 58 4363 182 4436; x_wconf 87' lang='lat' dir='ltr'>uigilibus</span> <span class='ocrx_word' id='word_1_344' title='bbox 204 4362 250 4418; x_wconf 88' lang='lat' dir='ltr'>uel</span> <span class='ocrx_word' id='word_1_345' title='bbox 276 4363 314 4418; x_wconf 89' lang='lat' dir='ltr'>ad</span> <span class='ocrx_word' id='word_1_346' title='bbox 340 4362 506 4434; x_wconf 87' lang='lat' dir='ltr'>praesidem,</span> <span class='ocrx_word' id='word_1_347' title='bbox 530 4361 735 4417; x_wconf 83' lang='lat' dir='ltr'>existimandus</span> <span class='ocrx_word' id='word_1_348' title='bbox 759 4363 804 4415; x_wconf 87' lang='lat' dir='ltr'>est</span> <span class='ocrx_word' id='word_1_349' title='bbox 827 4359 944 4430; x_wconf 85' lang='lat' dir='ltr'>elegisse</span> <span class='ocrx_word' id='word_1_350' title='bbox 968 4359 1052 4424; x_wconf 86' lang='lat' dir='ltr'>uiam,</span> <span class='ocrx_word' id='word_1_351' title='bbox 1078 4374 1134 4430; x_wconf 90' lang='lat' dir='ltr'>qua</span> <span class='ocrx_word' id='word_1_352' title='bbox 1157 4374 1217 4413; x_wconf 90' lang='lat' dir='ltr'>rem</span> <span class='ocrx_word' id='word_1_353' title='bbox 1239 4373 1333 4429; x_wconf 86' lang='lat' dir='ltr'>perse-</span> 
     </span>
     <span class='ocr_line' id='line_1_42' title="bbox 58 4446 1334 4524; baseline -0.005 -16"><span class='ocrx_word' id='word_1_354' title='bbox 58 4454 192 4524; x_wconf 86' lang='lat' dir='ltr'>queretur.</span> <span class='ocrx_word' id='word_1_355' title='bbox 212 4451 279 4507; x_wconf 88' lang='lat' dir='ltr'>conf</span> <span class='ocrx_word' id='word_1_356' title='bbox 297 4451 384 4508; x_wconf 88' lang='lat' dir='ltr'>etiam</span> <span class='ocrx_word' id='word_1_357' title='bbox 401 4450 463 4522; x_wconf 88' lang='lat' dir='ltr'>Dig.</span> <span class='ocrx_word' id='word_1_358' title='bbox 482 4451 534 4507; x_wconf 85' lang='lat' dir='ltr'>Xll</span> <span class='ocrx_word' id='word_1_359' title='bbox 550 4450 577 4517; x_wconf 83' lang='lat'>4,</span> <span class='ocrx_word' id='word_1_360' title='bbox 597 4450 643 4507; x_wconf 80' lang='lat'>15:</span> <span class='ocrx_word' id='word_1_361' title='bbox 663 4450 824 4522; x_wconf 85' lang='lat' dir='ltr'>praefectus</span> <span class='ocrx_word' id='word_1_362' title='bbox 842 4448 961 4520; x_wconf 88' lang='lat' dir='ltr'>uigilum</span> <span class='ocrx_word' id='word_1_363' title='bbox 980 4463 1044 4504; x_wconf 89' lang='lat' dir='ltr'>eum</span> <span class='ocrx_word' id='word_1_364' title='bbox 1064 4463 1173 4504; x_wconf 90' lang='lat' dir='ltr'>summo</span> <span class='ocrx_word' id='word_1_365' title='bbox 1192 4446 1334 4518; x_wconf 88' lang='lat' dir='ltr'>supplicio</span> 
     </span>
     <span class='ocr_line' id='line_1_43' title="bbox 58 4539 168 4597; baseline 0.009 -1"><span class='ocrx_word' id='word_1_366' title='bbox 58 4539 168 4597; x_wconf 85' lang='lat' dir='ltr'>adiecit.</span> 
     </span>
    </p>
   </div>
   <div class='ocr_carea' id='block_1_6' title="bbox 0 0 1608 4992">
    <p class='ocr_par' dir='ltr' id='par_1_12' title="bbox 0 0 1608 4992">
     <span class='ocr_line' id='line_1_44' title="bbox 0 0 1608 4992; baseline 0 0"><span class='ocrx_word' id='word_1_367' title='bbox 0 0 1608 4992; x_wconf 95' lang='lat' dir='ltr'> </span> 
     </span>
    </p>
   </div>
  </div>
 </body>
</html>
