3208 4992
617 274 840 340 ...41-

82 471 188 538 quarn
226 449 432 518 bibliotheca
469 452 545 538 ipsa
582 450 716 518 uidetur
758 450 869 518 deleta
907 472 989 517 esse.
1050 450 1213 538 Apollinis
1257 455 1371 520 autem

83 557 249 644 templum
272 557 328 624 nel
350 557 463 644 potius
489 557 724 625 bibliothecam
751 557 913 624 retectam
944 579 1019 624 esse
1052 579 1258 646 quamquam
1288 559 1372 625 nihil

6 697 10 702 v
83 665 166 731 oerti
190 665 391 752 aeeepimus,
415 668 531 731 tamen
563 667 703 752 apparet
738 685 780 731 ex
815 685 854 732 eo
890 663 979 751 quod
1010 685 1119 753 usque
1147 664 1191 731 ad
1214 669 1372 751 quartum

1 803 2 806 ¹
82 771 260 838 saeculum
283 792 324 838 ea
347 771 515 838 exstabat.
560 771 674 858 Atque
698 772 802 838 etiam
825 771 1101 838 uerisimillimum
1133 775 1186 838 est
1218 771 1371 838 domum

83 881 365 962 Augustanam
380 880 444 945 hoo
459 877 612 946 incendio
629 877 884 963 deflagrauisee;
903 899 983 944 nam
999 877 1082 944 illud
1096 878 1155 945 uit.
1172 877 1338 945 Commod.
1345 880 1371 966 ¹)

84 986 141 1067 „in
166 984 267 1052 domo
290 985 448 1052 Palatina
471 984 730 1052 Commodiana“
754 984 900 1052 fortasse
924 987 1057 1072 spectat
1072 984 1116 1051 ad
1132 1006 1258 1052 nouum
1275 1005 1370 1072 οραθ,

84 1093 175 1178 quod
192 1112 317 1158 nomen
332 1093 399 1158 tuit
413 1093 457 1159 ad
472 1093 646 1179 tempusff)
681 1091 774 1173 Quae
791 1091 946 1158 aedificia
968 1093 1004 1156 in
1026 1091 1212 1158 Palatino
1237 1095 1369 1158 monte

83 1202 152 1268 site.
174 1203 353 1284 praeterea
375 1199 519 1266 flammis
541 1203 615 1266 tum
636 1199 705 1265 sint
720 1198 969 1285 comprehensa,
986 1197 1146 1264 affirmari
1165 1219 1234 1264 non
1249 1201 1371 1284 potest.

82 1305 277 1392 lterumque
300 1305 465 1372 admoneo
487 1326 557 1372 non
587 1308 697 1373 totum
719 1305 913 1373 Palatinum
944 1308 1093 1372 montem
1124 1306 1187 1371 hoe
1217 1305 1370 1371 incendio

1 1481 2 1490 ,
82 1414 273 1498 correptum
303 1413 416 1479 fuisse.
469 1412 553 1479 Esse
583 1412 730 1480 fortasse
762 1415 876 1478 autem
909 1411 1086 1478 uerisimile
1122 1411 1228 1478 uideri
1258 1415 1372 1499 potest

1 1573 2 1604 η
82 1518 140 1586 iIlo
164 1539 255 1585 anno
280 1520 429 1586 oiroum
451 1520 664 1586 maximum
687 1520 771 1585 item
800 1521 869 1603 igni
900 1540 942 1584 ex
973 1521 1068 1606 parte
1099 1518 1262 1584 haustum
1285 1540 1370 1600 esse,

82 1626 141 1712 qui
164 1629 254 1692 teste
277 1625 379 1692 titulo
395 1626 441 1692 VI
460 1626 544 1693 1083
569 1647 660 1693 anno
676 1625 821 1693 CCXXV
842 1647 874 1712 p.
891 1625 923 1692 C.
940 1648 971 1692 n.
995 1648 1017 1692 a
1035 1626 1077 1692 M.
1092 1625 1228 1692 Aurelio
1245 1625 1371 1692 Seuero

82 1731 277 1799 Alexandro
302 1735 355 1799 est
377 1733 581 1799 restitutum.
626 1732 743 1820 Neque
767 1732 856 1798 enim
879 1733 1156 1799 uerisimIIIImum
1179 1736 1232 1800 est
1249 1733 1371 1800 circum

81 1861 142 1926 per
164 1839 288 1905 LXXX
311 1860 429 1923 annos,
462 1861 537 1906 eum
560 1840 732 1906 Antonino
755 1841 814 1906 Pio
845 1840 1045 1927 imperatore
1076 1838 1242 1926 collapsus
1270 1845 1370 1922 esset,

82 1946 233 2012 dirutum
256 1947 409 2013 iacuisse.

191 2051 243 2118 Ex
276 2053 330 2120 his
366 2075 453 2140 quae
488 2055 636 2141 exposui,
673 2053 758 2120 eatis
793 2057 933 2140 apparet
962 2052 1140 2120 Commodo
1171 2054 1370 2139 imperatore

82 2179 175 2226 anno
192 2158 386 2226 CLXXXIX
401 2181 432 2247 p.
448 2159 481 2226 C.
497 2181 528 2225 n.
546 2161 715 2244 regionem
732 2159 816 2244 VIII,
841 2181 931 2227 anno
948 2158 1059 2227 CXCII
1074 2182 1104 2247 p.
1122 2160 1154 2227 C.
1171 2181 1202 2226 n.
1218 2161 1371 2244 regiones

81 2266 128 2332 IV
130 2318 138 2350 ,
164 2265 250 2341 VIII,
274 2267 315 2350 X,
339 2267 385 2332 XI
409 2289 451 2333 ex
474 2271 570 2353 parte
593 2267 746 2333 incendio
771 2269 915 2334 uexatus
940 2287 1022 2333 esse.

194 2373 413 2460 Temporibus
914 2451 917 2458 Ι

229 2557 230 2560 ,
423 2478 590 2560 Septimii
615 2477 740 2549 Seueri
764 2482 802 2548 et
825 2479 1027 2548 Carumllee

1 2656 2 2667 ἢ
82 2587 164 2654 urbs
187 2587 297 2654 Roma
322 2571 509 2653 'maioribus
544 2585 705 2652 incendiis
736 2587 868 2670 Integra
889 2585 963 2654 fuit.
1009 2584 1127 2672 Neque
1159 2587 1248 2652 enim
1279 2585 1371 2652 aliud

1 2668 2 2722 I
82 2693 264 2781 quiequam
310 2694 391 2761 certi
437 2695 626 2779 aooepImns
672 2692 738 2758 nisi
784 2693 944 2778 sept'mio
991 2693 1116 2759 Seuero
1169 2680 1369 2779 imperatore

81 2800 287 2868 theatrum
321 2800 482 2886 Pompei
516 2801 661 2866 tortasse
695 2799 850 2866 incendio
886 2799 1034 2866 deletum
1070 2821 1158 2884 esse,
1193 2800 1282 2886 quod
1316 2799 1370 2866 ille

1 2906 2 2988 Ῐ
83 2907 334 2994 restaurauit.)

1 2995 2 3008 ¹
190 3015 237 3078 At
259 3013 460 3096 incendium,
486 3033 551 3099 quo
576 3013 655 3080 urbs
679 3012 975 3079 uehementissime
999 3015 1053 3079 est
1075 3013 1281 3098 perturbata,

650 3120 808 3189 Maorino

1 3219 2 3222 Ἴ
83 3227 283 3314 imperatore
308 3232 418 3294 ortum
442 3238 501 3292 est.
550 3228 600 3291 Τό
623 3253 662 3292 τε
688 3229 871 3312 θέατρον
901 3228 1181 3311 κυνηγετικὸν
1204 3235 1370 3311 κεραυνοῖς

83 3337 117 3400 έν
140 3336 221 3419 αὐτῇ
244 3343 282 3420 τῇ
305 3341 370 3400 τῶν
384 3334 579 3418 Ἡφαιστίων
602 3336 708 3418 ἡμέρᾳ
730 3335 851 3418 βληθέν
874 3336 959 3400 οὕτω
978 3336 1178 3418 κατεφλέχθη
1203 3336 1283 3405 ὥςτε
1298 3337 1370 3417 τήν

1 3518 2 3521 ¹
83 3465 121 3506 τε
144 3444 231 3507 ἄνω
254 3442 489 3525 περιβολὴν
512 3444 640 3506 αὐτοῦ
662 3447 798 3506 πᾶσαν
820 3442 874 3505 καί
896 3442 941 3506 τὰ
969 3443 1009 3506 έν
1035 3448 1089 3524 τῷ
1112 3448 1183 3505 τοῦ
1209 3442 1369 3506 κύκλου

84 3549 196 3633 ἐδάφει
218 3551 351 3613 πάντα
373 3550 629 3632 κατακαυθῆναι,
654 3549 718 3612 κάκ
741 3549 854 3613 τούτου
883 3549 930 3612 τὰ
960 3548 1084 3613 λοιπὰ
1114 3549 1371 3631 πυρωθέντα

1 3643 2 3710 i
83 3657 329 3740 opavoopaf)
363 3653 604 3721 Volcanahbus
619 3654 721 3737 igitur
735 3654 767 3719 h.
780 3674 806 3720 e.
823 3675 853 3720 a.
866 3654 896 3720 d.
907 3654 939 3719 X
950 3653 1017 3720 kal.
1030 3653 1119 3740 Sept
1136 3653 1217 3720 anni
1229 3651 1371 3719 CCXVII

83 3761 211 3846 p.C.n.
243 3760 622 3847 amphitheatrum
652 3761 858 3826 Flauium
887 3781 1023 3847 prorsus
1054 3764 1107 3827 est
1136 3761 1283 3826 flammis
1311 3780 1370 3825 ex·-

1 3846 2 3910 I
84 3868 245 3936 haustum
273 3869 349 3934 οὐδὲ
380 3870 551 3953 ἐπαρκέσαι
585 3870 673 3952 αὐτῷ
708 3870 779 3933 οθτε
813 3871 1002 3952 ἀνθρωπίνη
1039 3869 1222 3951 ἐπικουρία,
1256 3869 1370 3952 καίπερ

1 3998 2 4023 ι
84 3975 200 4048 παντὸς
223 3977 270 4048 ὥς
293 3978 389 4040 εἰπεῖν
410 3976 528 4046 ὕδατος
550 3977 688 4060 ῥέοντος,
714 3977 788 4040 οὔθ’
805 3977 825 4059 ἡ
841 3983 897 4040 τοῦ
912 3977 1069 4059 οὐρανίου
1087 3976 1230 4058 έπίρροια
1245 3977 1368 4057 πλείστη

1 4095 2 4160 ζ
85 4105 116 4146 τε
137 4083 193 4147 καί
216 4083 417 4166 σφοδροτάτη
443 4084 596 4166 γενομένη
621 4083 769 4166 ἠδυνήθη
787 4101 793 4116 ·
811 4083 895 4146 οὕτω
911 4107 976 4147 που
992 4082 1096 4146 καὶτὸ
1112 4083 1204 4165 ὕδωρ
1220 4083 1370 4164 ἑκάτερον

191 4295 211 4364 ¹)
231 4295 283 4350 uit.
303 4293 448 4350 Commod.
470 4293 513 4350 12.

192 4384 212 4453 ²)
231 4382 378 4439 Richter
396 4382 414 4438 l.
428 4398 450 4437 s.
469 4399 495 4453 p.
511 4381 571 4438 157.

193 4472 212 4541 θ)
232 4471 260 4526 C.
281 4472 300 4527 1.
320 4471 351 4526 h.
364 4470 428 4526 VIII
449 4469 526 4526 1439.

190 4560 212 4630 4)
231 4560 286 4616 Dio
296 4559 436 4615 LXXVIII
443 4559 486 4626 25.
494 4559 520 4617 2.
533 4560 584 4616 uit.
594 4559 673 4630 Elag.
685 4559 727 4615 17.
737 4560 849 4616 HIeron.
859 4576 885 4614 a.
897 4559 962 4614 Abr.
975 4559 1055 4614 2234.
1066 4558 1168 4615 Cbron.
1179 4559 1244 4615 min.
1255 4560 1302 4631 Ip.
1310 4559 1371 4617 147.
