3208 4992
629 267 853 332 „25-

94 444 364 513 Aemilianis
402 447 629 532 proruperat.“
640 445 667 532 1)
709 441 861 512 Flamma
905 444 1006 529 igitur
1039 465 1140 532 prope
1180 467 1202 512 a
1238 444 1383 532 praediis

95 551 299 619 Aemilianis
329 551 439 620 denuo
471 552 679 620 exsuscitata
702 551 918 638 rapacissima
939 572 998 639 per
1019 551 1172 636 regiones
1196 552 1257 618 VH
1280 555 1315 619 et
1337 552 1383 618 IX

93 659 258 746 peruasit
314 658 531 726 Potissimum
562 658 681 726 domus
715 658 870 746 priuatae
906 657 1058 725 incendio
1098 657 1381 743 deflagrauerunt‚

93 786 176 832 curn
200 785 303 854 opera
324 765 459 854 publica
494 786 577 833 saxo
603 765 767 853 quadrato
802 768 975 832 exstricta
1005 766 1197 834 obstiterint
1226 766 1381 833 flammis.

95 872 217 958 Neque
233 873 321 939 enim
343 872 550 958 publicorum
567 892 703 959 operum
719 893 806 958 qnae
824 876 898 939 tum
911 873 1108 957 interierint,
1125 872 1191 939 nisi
1214 873 1382 960 amphi-

94 979 254 1046 theatri
276 978 431 1046 Statilii
454 978 590 1063 Tauri,
615 979 794 1066 quoderat
817 978 861 1045 ad
877 979 998 1046 circum
1013 979 1213 1046 Flaminium
1240 981 1383 1068 situm,¹)

96 1087 227 1153 mentio
238 1085 315 1175 fita)
345 1076 514 1153 Illud'tam
529 1085 718 1171 exiguum⁴)
733 1086 912 1161 theatrum,
935 1085 1024 1173 quod
1039 1089 1113 1153 erat
1127 1084 1216 1152 illius
1233 1087 1382 1174 gentis,⁶)

97 1213 169 1260 non
191 1193 387 1260 restitutum
408 1193 543 1260 uidetur
566 1214 649 1279 esse,
675 1214 751 1260 cum
767 1192 1051 1280 subsequentibus
1067 1193 1273 1281 temporibus
1289 1192 1383 1260 nulla

96 1320 245 1386 usquam
267 1300 339 1366 eius
362 1301 487 1367 mentio
508 1301 571 1367 fiat
593 1304 629 1367 et
652 1299 937 1387 amphitheatrum
960 1300 1061 1366 Tauri
1091 1321 1381 1387 superuacaneum

96 1405 210 1473 fuerit.
254 1407 342 1473 Nam
372 1406 473 1493 paulo
505 1409 583 1493 post
606 1428 628 1473 a
649 1407 780 1474 Nerone
803 1408 888 1474 satis
911 1427 1071 1490 magnum
1095 1406 1382 1493 amphitheatrum

94 1512 246 1597 ligneum
256 1515 282 1600 ⁰)
318 1513 429 1602 „apud
463 1534 618 1600 campum
652 1497 789 1580 Martis“
825 1517 929 1601 atque
964 1535 985 1581 a
1015 1514 1225 1600 Vespasiano
1250 1513 1381 1600 amphi-

95 1621 271 1687 theatrum
302 1620 391 1707 qnod
413 1621 647 1707 appellabatur
669 1619 833 1704 Flauium,
857 1620 1038 1688 aedificata
1060 1623 1149 1689 sunt
1194 1621 1313 1687 Nescio
1337 1641 1382 1686 an

94 1727 161 1793 Dio
185 1727 426 1814 amphitheatri
447 1726 536 1794 illius
551 1730 756 1795 mentionem
771 1726 895 1812 iecerit,
915 1726 1004 1795 unde
1021 1731 1192 1815 appareat,
1208 1748 1382 1815 quousque

93 1834 209 1921 campi
230 1833 343 1910 Martii
373 1835 511 1901 flamma
541 1838 735 1921 peruaserit
780 1835 897 1921 Neque
928 1835 1017 1901 enim
1045 1856 1146 1922 opera
1169 1834 1213 1902 ab
1236 1835 1383 1922 Agrippa

92 1941 199 2024 facta,
246 1940 570 2025 diribitorium‚
615 1942 874 2027 pantheum,
925 1943 1141 2026 thermae,
1191 1940 1383 2010 basilica

93 2047 311 2134 Neptuni,
343 2047 490 2115 flammis
525 2050 764 2135 comprehensa
787 2051 875 2116 sunt.
922 2048 1008 2129 Quid
1032 2050 1147 2116 enim?
1193 2051 1245 2114 An
1280 2052 1382 2134 putas

93 2154 276 2240 scriptores
310 2158 443 2222 ueteres
478 2155 536 2222 illa
570 2176 671 2244 opera
705 2155 816 2223 deleta
851 2177 925 2222 esse
952 2156 1134 2223 tradituros
1157 2176 1226 2222 non
1249 2155 1381 2222 fuisse?

94 2261 249 2348 Itemque
283 2262 492 2350 templum
526 2262 657 2329 Isidis
692 2265 734 2329 et
762 2261 991 2349 Serapidis
1024 2263 1178 2330 incendio
1212 2263 1380 2347 integrum

91 2367 171 2434 fuit.
205 2368 256 2434 At
279 2369 501 2435 theatrum
524 2369 724 2436 Marcelli
746 2369 816 2453 igni
832 2372 1017 2455 correptum
1033 2372 1095 2455 est,
1112 2369 1208 2437 cuius
1224 2390 1381 2436 scaenam

93 2478 187 2542 teste
215 2474 374 2542 Suetonio
387 2479 408 2560 ⁷)
431 2475 663 2563 Vespasianus
693 2477 816 2544 reiecit
863 2477 1037 2558 Quatenus
1067 2474 1196 2564 reliqua
1218 2474 1380 2558 aedificia,

92 2602 186 2668 quae
217 2584 315 2648 erant
344 2582 380 2648 in
411 2604 528 2670 campo
559 2581 678 2650 Martio
710 2584 784 2666 sita,
807 2583 951 2650 flammis
975 2583 1044 2649 sint
1065 2585 1170 2668 laesa,
1195 2581 1277 2649 nihil
1300 2582 1381 2649 certi

93 2689 294 2774 accepimus.
340 2689 412 2757 Hoc
442 2688 577 2777 quidem
607 2693 734 2757 certum
765 2692 818 2756 est
848 2688 940 2756 illam
961 2691 1131 2774 regionem
1154 2710 1223 2756 non
1245 2710 1380 2776 prorsus

93 2795 245 2862 flammis
269 2817 343 2863 esse
365 2797 533 2864 haustam.
580 2795 730 2864 Tandem
754 2795 1009 2884 Capitolino
1040 2799 1155 2863 monte
1183 2797 1379 2863 saeuissime

93 2902 250 2969 incendio
273 2924 303 2969 a.
327 2903 357 2970 d.
380 2902 427 2968 Vl
448 2902 515 2971 kal
538 2903 597 2971 Iul.
620 2902 700 2970 finis
725 2907 778 2971 est
799 2904 919 2971 iactus.

205 3009 332 3090 Quibus
355 3011 455 3078 rebus
472 3012 629 3098 quamuis
644 3011 790 3078 breuiter
806 3011 967 3098 expositis
984 3011 1068 3078 satis
1085 3009 1238 3077 docuisse
1254 3010 1379 3092 uideor,

91 3120 263 3203 quantum
285 3117 477 3185 incendium
499 3117 728 3186 Neronianum
755 3117 865 3184 fuerit
911 3116 1184 3199 Quattuordecim
1206 3117 1380 3200 regionum

91 3226 259 3311 quattuor
280 3224 428 3292 flammis
442 3226 593 3309 integrae
607 3225 755 3306 fuerunt,
772 3246 858 3312 quae
875 3227 970 3291 sunt:
986 3225 1076 3311 regio
1088 3224 1106 3289 Ἰ
1120 3226 1219 3310 porta
1234 3223 1378 3310 Capena,
1422 3226 1425 3230 ’

93 3329 128 3396 V
151 3328 330 3418 Esquiliae,
363 3331 442 3419 V10)
478 3331 549 3400 alta
579 3334 710 3416 semita,
741 3331 819 3398 XIV
849 3335 944 3398 trans
968 3331 1120 3398 Tiberim.
1166 3331 1380 3396 Dissentiunt

93 3439 215 3504 autem
236 3437 272 3503 in
294 3437 408 3506 haere
431 3437 600 3526 Piale,⁰)
616 3439 674 3526 qui
689 3438 773 3505 dixit
787 3438 940 3522 regiones
956 3439 979 3523 I,
997 3436 1051 3522 VI,
1068 3437 1123 3522 Dl,
1139 3437 1216 3503 XlV
1231 3437 1378 3504 flammis

203 3669 222 3739 ¹)
242 3669 502 3726 lacernulas.

203 3758 280 3830 ¹)de
307 3759 365 3815 situ
392 3759 463 3815 nihil
482 3759 552 3815 certi
570 3761 693 3815 constat.
729 3759 900 3816 Beckerl.
919 3775 941 3814 s.
960 3776 987 3831 p.
1005 3758 1067 3814 643.
1105 3757 1379 3814 Gilbertl.s.lll

75 3865 123 3920 ,p.
141 3846 197 3903 329
214 3849 280 3904 adn.
297 3848 324 3905 8.
361 3848 513 3905 Richter
533 3850 551 3905 l.
570 3865 592 3905 s.
611 3865 638 3920 p.
657 3848 719 3904 243.

203 3936 224 4007 ⁸)
243 3937 297 3993 llio
315 3937 391 3994 LXII
411 3937 452 4005 18,
461 3937 488 3993 2.

202 4025 223 4096 ⁴l
241 4027 296 4083 Dio
313 4027 375 4082 LIX
395 4026 463 4094 10‚6.

202 4115 223 4185 ⁵)
242 4115 271 4172 0.
290 4116 362 4185 LL.
380 4115 517 4172 1116226.
536 4115 615 4173 om
635 4116 714 4172 6228.

204 4204 225 4275 ⁶)
244 4204 311 4261 Tac.
330 4221 396 4261 ann
414 4205 480 4261 Xlll
498 4205 542 4262 21.
581 4205 660 4262 Suet.
679 4205 752 4262 Nero
773 4205 815 4260 12.

203 4294 214 4327 ⁷
243 4292 485 4366 Suet.Vesp.19.
986 4369 988 4373 Ι

202 4382 221 4452 ⁸)
241 4381 567 4454 Kiepert-Huelsen‚
583 4383 676 4440 lorma
685 4383 761 4439 urbis
767 4382 883 4450 Romae,
893 4383 952 4439 tab.
958 4382 992 4447 ΙΙ,
1004 4381 1069 4438 huic
1080 4381 1186 4453 regioni
1196 4397 1246 4453 per
1255 4397 1377 4436 errorem

88 4474 193 4528 notem
211 4471 250 4526 IV
268 4474 468 4544 apposuerunt.

202 4561 221 4630 ⁰)
240 4559 354 4627 Piala,
375 4560 449 4617 della
467 4561 628 4632 grandezaa
646 4562 675 4616 di
691 4562 784 4617 Roma
802 4579 829 4633 p.
844 4560 885 4616 15.
