3208 4992
732 209 992 324 ...Ἃ-

232 432 440 501 castorum
463 434 667 521 templum,
692 434 781 522 quod
803 435 999 526 Martialis1)
1021 439 1123 523 poeta
1142 437 1230 504 inter
1246 458 1348 523 opera
1364 459 1385 505 a
1400 439 1526 505 Domi-

232 540 326 607 tiano
351 543 431 607 ante
455 561 582 607 annum
597 540 701 608 XCIV
720 541 848 609 refecta
871 545 1053 627 enumerat,
1077 543 1189 610 deleta
1212 546 1301 610 sunt.
1336 544 1526 612 Praeterea

231 646 507 714 uerisimillimum
531 650 584 714 est
611 647 747 715 aedom
774 647 857 715 diui
884 649 977 717 Iulii
1008 652 1217 737 rostraque
1244 641 1347 718 Iulia
1363 650 1525 719 ‘flammis

231 753 472 840 comprehensa
487 775 571 821 esse.
600 754 695 836 Quod
710 755 740 821 si
754 756 881 843 templa
891 755 1019 824 Vestae
1036 759 1071 824 et
1078 756 1254 824 Gestorum
1266 757 1420 825 incendio
1437 779 1523 826 eon-

231 861 473 946 flagraueruut‚
499 860 708 930 basilicam
723 862 864 930 Iuliam
880 865 915 930 et
931 862 1094 930 Saturni
1110 864 1246 931 aedem
1270 864 1345 950 plus
1361 866 1523 932 minusue

234 968 303 1050 igni
326 989 401 1034 esse
424 967 572 1035 afflictas
596 974 648 1034 est
670 969 898 1054 manifestum,
922 968 956 1035 id
972 969 1060 1057 quod
1075 968 1221 1037 fortasse
1237 972 1342 1038 etiam
1357 993 1400 1038 cx
1415 972 1522 1039 titulo

234 1073 281 1140 VI
304 1073 450 1161 317932)
474 1074 581 1158 colligi
603 1078 724 1162 potest.
769 1075 886 1163 Neque
911 1075 1064 1144 aedificia
1087 1098 1174 1164 quae
1202 1077 1238 1143 in
1262 1079 1522 1165 septentrionali

234 1180 297 1247 fori
319 1184 415 1268 parte
440 1183 537 1248 erant
560 1182 636 1266 sita,
659 1183 796 1249 luerunt
810 1182 957 1250 flammis
976 1183 1116 1268 integra.
1163 1184 1250 1266 Quin
1279 1185 1390 1252 curia
1412 1184 1521 1252 Iulia
1593 1191 1594 1202 ¹

233 1288 302 1370 igni
326 1288 565 1374 comprehensa
588 1289 642 1370 sit,
666 1310 735 1356 non
759 1288 885 1374 dubito,
917 1309 1004 1376 quaa
1034 1294 1154 1377 postea
1186 1311 1208 1356 a
1237 1291 1431 1358 Domitiano
1463 1297 1521 1359 est
1593 1363 1594 1388 χ

231 1395 398 1461 restituta.
406 1394 431 1482 8)
476 1396 588 1482 Atque
611 1396 826 1463 tabernae
850 1400 1015 1482 quotquot
1036 1396 1079 1462 ed
1094 1396 1177 1477 illud
1192 1398 1351 1484 temporis
1373 1399 1517 1484 erantff)
1592 1433 1594 1466 l

233 1520 303 1567 una
333 1520 410 1568 cum
441 1499 700 1569 Graecostasi
733 1503 887 1570 incendio
923 1507 1004 1570 sunt
1035 1504 1244 1591 absumptae.
1298 1503 1518 1572 Basilicam
1593 1509 1594 1558 l

231 1611 347 1674 autem
369 1609 597 1694 Aemiliam,
631 1631 718 1696 quae
741 1610 810 1677 iam
832 1609 910 1676 XIV
933 1632 962 1678 a.
979 1609 1011 1676 0.
1028 1630 1059 1676 n.
1084 1610 1362 1695 conflagrauerat‚
1393 1612 1517 1678 iterum
1593 1613 1594 1646 ³

230 1714 382 1782 incendio
400 1716 676 1802 comprehensam
693 1737 776 1802 esse,
801 1717 885 1783 nihil
901 1719 1042 1783 constat.
1078 1716 1202 1798 Quodsi
1218 1717 1412 1806 tabernae)
1428 1739 1516 1804 quae
1593 1753 1594 1810 4

230 1825 312 1888 ante
335 1822 423 1889 hanc
451 1823 625 1890 basilicam
656 1824 742 1890 sitae
773 1826 878 1908 erant
910 1823 1041 1890 deletae
1072 1827 1161 1909 sunt,
1198 1827 1237 1890 ut
1271 1824 1397 1910 opinor,
1432 1825 1516 1892 item

232 1950 309 1995 eam
331 1930 475 1996 flammis
504 1931 670 1996 intactam
700 1951 768 1997 non
798 1929 903 1997 fuisse
933 1931 1112 1997 uerisimile
1143 1934 1204 2016 est,
1237 1951 1338 2018 quam
1368 1929 1515 1998 fortasse
1593 1923 1594 2010 ζ

233 2032 447 2103 Domitianus
470 2035 626 2120 reiecit.⁶)
1593 2027 1594 2038 ἢ

336 2161 421 2228 Foro
435 2164 573 2228 uastato
585 2161 775 2229 incendium
787 2163 908 2248 serpsit
918 2183 1026 2249 usque
1042 2162 1086 2230 ad
1100 2160 1336 2250 llsquilias.
1360 2162 1514 2230 Totum
1593 2197 1594 2228 .

231 2267 320 2334 enim
343 2269 519 2354 spatium
542 2268 631 2356 quod
655 2273 727 2336 erat
749 2269 855 2336 inter
876 2268 1030 2336 Veliam
1054 2272 1093 2336 et
1116 2268 1298 2336 Streniae
1323 2269 1515 2337 sacellum
1593 2259 1594 2280 ³

230 2373 377 2441 flammis
401 2376 619 2463 absumptum
642 2379 702 2443 est.
735 2375 860 2460 „Sermo
884 2376 1018 2443 demum
1034 2375 1087 2442 die
1104 2375 1194 2462 apud
1208 2376 1294 2442 imas
1310 2375 1513 2463 Esquilias

227 2482 305 2548 finis
327 2481 480 2549 incendio
502 2481 624 2566 factus,
653 2483 796 2569 prorutis
815 2504 874 2569 per
888 2483 1079 2550 inmensum
1094 2482 1261 2567 aedificiis,
1278 2485 1317 2548 ut
1333 2485 1512 2549 continuae
1593 2505 1594 2512 ¹

229 2587 412 2655 uiolentiae
445 2609 583 2676 campus
615 2592 650 2656 et
677 2589 772 2657 uelut
795 2610 940 2656 uacuum
964 2589 1093 2657 caelum
1118 2589 1369 2676 occurreret.“⁷)
1414 2589 1513 2675 Apud

230 2695 436 2762 Maecenatis
459 2696 561 2780 igitur
582 2696 707 2780 hortos,
729 2697 827 2762 iuxta
842 2717 975 2762 murum
991 2695 1198 2780 Seruianum,
1223 2716 1310 2781 quae
1326 2716 1405 2782 pars
1421 2696 1512 2762 urbis

228 2801 294 2867 illis
313 2802 518 2888 temporibus
535 2806 608 2870 erat
624 2801 765 2888 deserta,
782 2802 935 2869 incendio
951 2801 1031 2868 iinis
1047 2801 1193 2888 quodam
1208 2800 1306 2868 modo
1321 2800 1436 2868 factus
1452 2806 1512 2869 est.

338 2908 508 2993 „Necdum
531 2910 661 2996 positus
684 2913 805 2995 metue,
831 2914 866 2977 et
888 2908 986 2976 rediit
1006 2909 1091 2975 haut
1105 2908 1215 2974 leuius
1231 2928 1362 2975 rursum
1378 2931 1511 2994 grassa·

228 3017 285 3081 tus
308 3015 404 3101 ignis,
429 3015 553 3103 patulis
577 3018 683 3101 magis
703 3017 795 3083 urbis
810 3015 907 3101 locis;
929 3036 1034 3102 eoque
1051 3020 1180 3100 strages
1200 3014 1371 3082 hominum
1394 3016 1510 3097 minor,

230 3121 369 3190 delubra
407 3122 507 3189 deum
545 3125 580 3190 ot
616 3124 763 3210 porticus
799 3123 997 3190 amoenitati
1031 3121 1163 3190 dicatae
1196 3121 1299 3189 latius
1334 3121 1509 3207 procidere.

228 3227 375 3317 Plusque
391 3229 550 3296 infamiae
566 3229 599 3296 id
614 3230 803 3299 incendium
824 3230 952 3314 habuit,
977 3228 1058 3317 quia
1079 3228 1275 3316 praediis
1298 3228 1511 3312 Tigellini
1593 3269 1594 3272 =

205 3472 212 3505 ⁵
336 3481 355 3549 ¹)
374 3480 455 3536 Mart.
468 3480 508 3534 lX
526 3480 551 3545 3,
564 3480 605 3535 11.
643 3479 747 3535 Chion.
773 3478 898 3550 minlp.
912 3477 1020 3533 1460d.
1033 3479 1068 3532 M.
1106 3476 1510 3550 Becher,zurrbm.'lopo-

230 3567 355 3639 graphia,
383 3583 410 3638 p.
425 3568 474 3624 101
504 3569 552 3640 qui
578 3568 683 3640 primus
710 3570 788 3623 recta
815 3567 951 3638 cognouit
967 3567 1036 3622 illud
1054 3565 1190 3622 Martialis
1208 3565 1346 3637 „piosque
1364 3565 1509 3622 Laconas“

230 3656 436 3728 intellegendos
454 3674 517 3712 esse
537 3656 676 3712 Castores.

336 3747 356 3816 ²)
375 3746 424 3819 qui
442 3747 599 3802 secundum
615 3746 766 3812 Jordan,
787 3746 904 3818 ilphem.
924 3745 1011 3818 epigr.
1022 3746 1061 3801 111
1072 3761 1100 3816 p.
1113 3744 1167 3800 276
1184 3761 1222 3800 no
1244 3743 1280 3798 27
1302 3744 1348 3811 „in
1366 3743 1509 3799 ruderibus

231 3835 365 3891 basilicae
389 3835 477 3890 Iuliae
503 3851 603 3891 uersus
631 3834 746 3890 Saturni
773 3834 889 3890 aedem“
917 3835 1050 3890 inuentus
1078 3836 1130 3889 est.
1166 3833 1209 3889 De
1233 3832 1353 3888 historia
1380 3832 1510 3888 basilicae

229 3924 317 3980 Iuliae
336 3941 371 3981 ex
389 3942 445 3997 quo
464 3925 501 3980 ab
519 3924 650 3995 Augusto
668 3923 822 3980 aedificata
840 3926 909 3990 erat,
938 3923 1030 3979 adhuc
1057 3922 1128 3978 nihil
1152 3921 1223 3978 certi
1242 3921 1416 3994 accepimus3
1445 3920 1510 3978 coni

230 4014 382 4081 Richter
399 4015 417 4070 l.
430 4030 452 4071 s.
464 4031 492 4085 p.
504 4015 548 4070 84.

336 4105 355 4174 ⁸)
374 4102 487 4158 Hieron.
507 4120 533 4159 a.
551 4104 617 4159 Abr.
636 4101 707 4158 2105
726 4102 852 4173 (senatus
870 4102 898 4157 h.
911 4118 936 4157 e.
956 4100 1034 4156 curia
1050 4099 1137 4171 lulis).
1175 4099 1279 4156 (thren.
1297 4099 1364 4156 min.
1383 4099 1436 4169 lp.
1450 4097 1509 4153 146.
1593 4173 1594 4176 Ἴ

335 4193 355 4262 ⁴)
375 4191 534 4255 Urlichs,
555 4191 600 4247 die
618 4192 768 4248 'l'abernen
786 4208 833 4247 am
851 4191 921 4247 rdm.
939 4191 1050 4255 Forum.
1069 4189 1124 4245 Rh.
1137 4189 1174 4244 M.
1186 4188 1237 4244 XII
1251 4187 1322 4244 1857
1332 4204 1359 4259 p.
1372 4187 1434 4243 220.

214 4350 216 4356 Α
335 4282 355 4352 ⁶)
373 4281 431 4336 iam
461 4296 536 4336 anno
563 4280 633 4336 0οΧ
663 4298 689 4336 a.
714 4280 743 4336 0.
768 4296 796 4336 n.
829 4278 959 4336 incendio
990 4278 1221 4348 deflagrauerant
1259 4276 1328 4348 thiu.
1353 4274 1509 4346 XXVl2‘I).

229 4370 388 4427 Huelscu
412 4369 432 4426 1.
444 4369 478 4426 R.
490 4369 559 4426 1005
577 4387 604 4441 p.
619 4368 660 4425 10.

336 4460 355 4531 θ)
376 4459 450 4515 Stat.
469 4459 531 4514 silu.
549 4458 654 4524 11‚30.

336 4550 356 4616 ⁷)
375 4548 441 4604 Tac.
460 4564 526 4604 ann.
544 4547 595 4602 XV
612 4547 656 4614 40,
