3208 4992
612 267 834 332 ‚15-

78 469 157 514 esse
195 446 330 533 iussit.¹)
387 444 562 531 Templum
600 445 716 510 Matris
751 443 893 527 Magnae
904 444 928 529 r)
963 443 998 508 in
1032 441 1162 509 Palatio
1200 443 1280 507 item
1321 441 1364 508 ab

76 555 236 638 Augusto
268 553 366 618 annis
392 551 438 617 IV
462 553 517 618 uel
540 551 571 618 V
594 573 624 637 p.
648 549 680 617 Β.
704 572 746 632 n.,
771 553 933 637 utsupra
957 549 1034 624 dixi,
1058 549 1254 616 restitutum
1277 550 1365 636 estfl)

78 661 176 743 Quae
212 681 287 727 oum
321 662 371 725 ita
407 655 484 744 sint,
517 679 607 724 anno
630 658 675 724 III
698 680 727 744 p.
752 656 784 723 O.
808 679 839 724 n.
863 658 951 740 regio
975 657 1007 722 X
1030 678 1072 722 ex
1094 660 1190 743 parte
1213 655 1365 722 inoendIo

77 771 209 854 uexata
232 771 292 834 est.

192 874 311 940 Tribus
328 873 426 939 annis
441 875 520 959 post
535 873 655 938 iterum
669 873 800 937 πολλὰ
815 881 886 956 τῆς
900 873 1062 943 πόλεως
1077 873 1153 955 πυρὶ
1168 872 1366 957 ὀιεφθάρη.4)

80 981 201 1068 Neque
225 1001 304 1046 uero
328 979 525 1063 inuestigari
548 981 669 1064 potest,
693 999 779 1065 quae
803 981 916 1065 partes
937 998 1090 1065 quaeque
1107 976 1261 1044 aedificia
1275 977 1367 1043 urbis

83 1088 326 1175 comprehensa
349 1087 419 1152 sint
440 1085 596 1153 flammis.
643 1085 738 1166 Quod
761 1083 950 1151 Incendium
973 1083 1065 1150 haud
1088 1105 1230 1170 paruum
1253 1084 1366 1166 fuisse,

78 1195 138 1262 uel
169 1193 245 1261 inde
280 1193 385 1277 colligi
421 1196 544 1279 potest,
577 1193 664 1279 quod
696 1191 751 1258 illo
784 1212 873 1258 anno
905 1197 1080 1272 Augustus
1103 1194 1224 1275 ἄνδρας
1245 1217 1277 1256 τε
1301 1195 1367 1267 ἒξε-

82 1305 263 1386 λαυθέραας
275 1305 394 1385 ἑπταχῇ
409 1301 492 1384 πρὸς
507 1301 563 1372 τὰς
579 1303 762 1384 ἐπικουρίας
777 1302 873 1384 αὐτῆς
889 1297 956 1364 scil.
972 1300 1098 1370 πόλεως
1109 1301 1302 1374 κατελέξατο,
1315 1301 1369 1364 καὶ

86 1412 228 1493 ἄρχοντα
244 1411 341 1473 ἱππέα
357 1410 463 1479 αὐτοῖς
478 1405 707 1494 πρασέταξενῤ)
723 1426 791 1493 qua
807 1405 847 1472 de
863 1427 899 1470 re
914 1404 1035 1489 inira⁶l
1050 1405 1186 1472 uberius
1199 1405 1368 1472 disseram.

193 1515 263 1580 Iam
295 1516 444 1600 apparet,
477 1517 559 1600 quot
583 1516 617 1579 et
640 1512 776 1599 quantis
808 1511 968 1579 incendiis
992 1514 1146 1596 Augusto
1170 1513 1369 1599 imperatore

82 1623 167 1688 urbs
190 1621 298 1687 Roma
322 1619 433 1687 deleta
455 1620 508 1686 sit.

192 1727 290 1795 Nuno
313 1727 470 1794 aooedam
494 1725 537 1793 ad
560 1725 723 1808 incendia,
748 1726 869 1813 quibus

658 1835 797 1902 Tiberii
852 1895 855 1900 ,

81 1941 294 2028 temporibus
318 1941 396 2007 urbs
420 1944 560 2007 uastata
583 1946 643 2007 est.

195 2047 343 2114 Primum
366 2046 564 2130 incendium,
591 2051 757 2135 quantum
780 2048 858 2126 seio,
890 2047 1021 2114 Tiberio
1052 2049 1250 2134 imperatore
1281 2068 1370 2113 anno

84 2156 166 2223 XVI
188 2176 218 2241 p.
235 2154 267 2221 O.
283 2176 315 2222 n.
338 2156 373 2220 in
396 2155 478 2220 urbe
501 2155 610 2221 Roma
641 2159 750 2221 ortum
778 2157 867 2240 est.⁷)
913 2154 1123 2242 Quamquam
1153 2154 1216 2220 Dio
1248 2154 1306 2220 ubi
1336 2160 1371 2220 et

86 2264 254 2350 quantum
277 2261 310 2327 id
335 2261 527 2328 incendium
550 2262 658 2346 luerit,
683 2283 752 2327 non
769 2264 1015 2344 commemorat,
1038 2265 1154 2328 tamen
1170 2282 1212 2327 ex
1228 2283 1370 2349 sequen-

85 2370 181 2436 tibus
210 2367 320 2452 oolligi
343 2389 443 2455 posse
474 2372 556 2455 puto
588 2370 686 2434 iuxta
712 2368 876 2435 Vestae
908 2368 1114 2453 templum
1147 2373 1257 2434 ortum
1288 2389 1371 2434 esse.

84 2475 163 2542 Huc
191 2475 281 2541 enim
315 2479 471 2562 spectant
502 2475 687 2562 Suetonii⁸)
723 2475 826 2542 uerba
862 2474 1035 2560 „incendio
1070 2475 1198 2541 iuxta
1225 2475 1372 2541 aedem

88 2582 253 2649 Vestae
282 2588 317 2648 et
346 2583 455 2669 ipsam
487 2581 644 2669 (Liuiam)
674 2583 896 2648 interuenisse
927 2583 1152 2670 populumque
1185 2586 1219 2649 et
1248 2582 1371 2649 milites

88 2711 155 2778 quo
180 2689 313 2755 enixius
337 2674 434 2775 opem
453 2688 588 2772 ferrent,
606 2689 841 2756 adhortatam“
859 2693 961 2778 atque
981 2690 1063 2756 illud
1077 2689 1225 2778 Dionis⁹)
1249 2693 1371 2775 ἐμπρη-

90 2799 195 2864 odedu
214 2799 247 2862 τέ
268 2823 344 2862 now
367 2800 428 2881 οὐχ
459 2799 550 2869 ὅπως
573 2799 592 2862 ὁ
618 2799 768 2882 Τιβέριος,
800 2797 957 2886 ἀλλάζκαὶ
987 2802 1007 2883 ἡ
1031 2799 1146 2864 Λιαυΐα
1177 2801 1278 2882 ἤμυνε
1309 2796 1372 2862 Ζο-

88 2924 260 2990 nataeque
268 2905 306 2986 1ο)
336 2905 413 2988 πυρὶ
447 2908 546 2988 μυρία
577 2907 715 2989 ἐφθάρη.
761 2903 854 2984 Quae
885 2905 1039 2971 aedilicia
1069 2905 1125 2971 uel
1155 2905 1282 2991 templa
1312 2904 1374 2970 iori

198 3081 289 3152 1lDio
313 3081 360 3136 LV
381 3081 422 3147 12,
432 3082 459 3137 5.
495 3083 552 3136 iem
580 3098 655 3137 anno
679 3082 746 3137 XIII
764 3099 789 3137 a.
809 3082 838 3137 G.
857 3101 885 3137 n.
904 3087 1013 3153 partem
1032 3083 1132 3137 domus
1151 3083 1292 3152 publicam
1311 3098 1373 3136 esse

87 3171 211 3226 iusserat
229 3169 291 3240 (Dio
310 3169 373 3224 LIV
390 3169 433 3231 27,
443 3170 479 3239 3).

198 3259 218 3329 1)
238 3258 307 3314 illud
325 3260 463 3328 templum
481 3259 538 3314 iam
557 3276 633 3314 anno
653 3260 714 3316 CXI
732 3278 758 3315 a
772 3261 800 3316 Β.
814 3278 841 3315 n.
860 3261 984 3316 damnus
1003 3263 1163 3331 correptum
1182 3261 1215 3330 (V
1217 3261 1252 3316 al.
1271 3261 1345 3314 Max.
1361 3261 1374 3314 1

89 3349 116 3413 8,
129 3347 171 3416 Ill
191 3365 209 3402 a
227 3348 343 3402 Metello
364 3348 487 3419 quodam
505 3348 644 3403 refectum
663 3352 724 3403 erat
741 3350 801 3420 (Iul.
821 3349 921 3422 Obseq.
940 3349 992 3420 99).

200 3437 220 3507 ⁸)
240 3439 316 3492 Mon.
329 3437 398 3491 Ano.
418 3437 456 3491 IV
474 3438 499 3491 8.
520 3437 599 3492 Ouid.
619 3438 686 3493 fast.
705 3439 744 3493 IV
762 3438 815 3493 438
834 3457 890 3510 quo
910 3455 945 3493 ex
964 3440 1026 3494 loeo
1045 3442 1164 3510 apparet
1182 3454 1246 3493 oum
1259 3437 1374 3493 Ouidius

13 3545 18 3556 ·
90 3530 179 3598 poeta
197 3526 282 3580 libros
300 3525 441 3580 fastorum
459 3529 649 3598 componeret,
668 3527 722 3606 hoo
740 3529 876 3598 templum
895 3528 1005 3582 restItui
1023 3531 1161 3599 coeptum,
1181 3529 1230 3582 sed
1248 3527 1374 3582 nondum

91 3615 256 3670 absolutum
276 3631 345 3670 esse.
375 3614 452 3669 Fast.
465 3615 611 3670 Praenest.
631 3616 669 3686 (Ο.
688 3615 708 3671 I.
728 3616 758 3670 L.
778 3617 802 3670 12
821 3633 847 3687 p.
866 3617 928 3688 316)
948 3619 985 3672 ad
1003 3617 1069 3688 Apr.
1088 3617 1125 3672 X:
1150 3617 1217 3672 ludi.
1235 3618 1272 3674 in.
1292 3617 1374 3671 olroo.

89 3705 127 3760 M.
147 3703 181 3758 D.
201 3703 237 3758 M.
256 3704 276 3758 1.
305 3703 342 3758 in.
371 3704 479 3774 palatio
508 3705 592 3775 quod.
622 3721 656 3759 eo
685 3705 738 3760 die.
766 3705 851 3760 aedis.
875 3707 901 3760 ei
928 3705 1066 3762 dedieata.
1096 3709 1147 3761 eet.
1184 3706 1312 3761 Merkel
1336 3706 1373 3760 ad

91 3793 172 3848 Ouid.
201 3793 270 3848 last.
289 3810 315 3864 p.
343 3793 438 3848 XLIV.
476 3793 625 3848 Ehwald
653 3795 681 3849 in
701 3795 781 3850 Burs.
799 3795 929 3851 dahresb.
949 3796 1048 3852 LXXX
1066 3796 1090 3850 2.
1110 3797 1175 3852 Abt.
1196 3794 1284 3864 (1894)
1303 3812 1329 3865 p.
1348 3794 1373 3848 3.

90 3881 259 3948 Hueleem
278 3882 390 3937 Mitteil.
410 3883 436 3937 d.
455 3883 532 3938 arob.
553 3883 620 3938 Inet.
641 3901 677 3938 zu
695 3884 767 3939 Rom
785 3885 811 3939 X
831 3885 900 3939 1895
919 3902 945 3955 p.
965 3885 1008 3940 33.

200 3971 221 4040 ⁴)
241 3971 294 4026 Dio
314 3971 363 4026 LV
380 3971 465 4038 26‚4;
484 3972 527 4037 27,
540 3972 562 4026 i.

201 4059 221 4129 ⁰)
240 4060 294 4114 Dio
314 4060 363 4115 LV
380 4060 423 4126 26,
433 4060 458 4116 4.

200 4149 220 4218 t
238 4165 264 4220 r>-
284 4149 327 4204 54·

202 4237 221 4307 ⁷)
241 4237 294 4292 Dio
314 4237 386 4292 LVII
406 4239 447 4305 14,
469 4239 509 4294 10.

202 4326 221 4396 ⁸)
241 4327 319 4382 Suet.
339 4327 398 4383 Tib.
419 4327 461 4383 50.
505 4331 546 4385 Ao
574 4345 610 4383 ne
629 4329 697 4384 illud
725 4331 837 4401 quidem
868 4330 1074 4401 neglegendum
1104 4337 1155 4398 est,
1188 4332 1262 4403 quod
1293 4331 1375 4386 Liuia

93 4416 235 4472 incendiis
254 4417 461 4484 interuenisset,
481 4417 622 4472 Tiberium
641 4424 742 4489 postea
760 4425 892 4492 questum
909 4436 979 4482 esse.

202 4504 222 4575 ⁹)
241 4503 294 4560 Dio
313 4505 389 4561 LVII
410 4505 450 4572 lo,
469 4505 495 4561 2.

88 4675 93 4679 ἐ
192 4593 600 4666 101Ζαιι.)ζ12(ρ.10,2Β).
