3208 4992
211 1133 286 1247 Τὰς
309 1182 466 1258 συγγενεῖς
488 1176 542 1239 καὶ
565 1176 732 1245 συνοίκους
754 1181 809 1258 τῆς
824 1174 955 1258 Ῥώμης
977 1181 1080 1258 κῆρας
1096 1175 1306 1258 ἐμπρησμοὺς
1325 1175 1379 1238 καὶ

87 1285 268 1367 συνιζήσεις
284 1301 358 1347 esse
374 1280 573 1346 Plutarchus
583 1280 610 1366 1)
636 1280 706 1346 iure
731 1277 824 1346 dixit.
860 1279 967 1360 Quam
992 1279 1081 1345 enim
1096 1281 1213 1346 urbem
1230 1280 1378 1366 antiquis

88 1388 300 1474 temporibus
323 1388 569 1474 toruumque
600 1385 762 1452 incendiis
786 1389 948 1452 uexatum
981 1389 1083 1472 atque
1107 1389 1281 1453 uastatam
1304 1407 1378 1452 esse

89 1499 196 1581 putas
219 1494 355 1580 quantis
380 1497 514 1560 constat
537 1492 763 1576 conflagrasse
787 1492 905 1558 urbem
925 1493 1093 1559 Romam?
1132 1492 1213 1573 Quis
1237 1496 1299 1578 est,
1322 1495 1379 1580 qui

91 1600 219 1682 Gailos,
242 1622 317 1667 oum
332 1600 367 1666 in
383 1599 516 1667 lindiam
530 1600 747 1682 inuasissent,
765 1619 854 1665 anno
872 1597 1114 1669 CCCLXXXVI
1131 1622 1159 1666 a.
1177 1599 1209 1666 0.
1222 1620 1253 1666 n.
1269 1602 1379 1666 totam

89 1707 163 1774 fere
186 1707 302 1773 urbem
321 1707 463 1774 Romam
485 1706 555 1790 igni
574 1705 739 1772 delenisse
749 1706 774 1792 ²)
797 1706 951 1772 neseiat?
990 1705 1071 1786 Quis
1095 1710 1157 1791 est,
1182 1706 1240 1794 qui
1261 1706 1379 1772 urbem

89 1813 234 1880 Romam
257 1814 313 1880 iilo
337 1818 410 1880 tam
432 1817 532 1880 uasto
555 1811 719 1896 ineendio,
752 1812 841 1900 quod
864 1811 1006 1879 Neronis
1035 1815 1148 1880 aetate
1172 1816 1283 1879 ortum
1314 1814 1376 1897 est,

89 1922 275 1988 maximam
297 1925 428 2007 partem
450 1921 594 1986 flammis
618 1920 834 2006 absumptam
858 1940 932 1986 esse
955 1921 1108 1986 neseiat?
1149 1919 1313 1986 Nimirum
1336 1918 1377 1985 de

89 2027 157 2094 fflis
181 2028 312 2094 duobus
335 2028 498 2094 incendiis
521 2028 589 2092 iam
619 2025 764 2092 multum
787 2031 841 2093 est
865 2027 1112 2114 disputatum.⁸)
1158 2027 1274 2114 Neque
1297 2047 1377 2092 uero

91 2134 159 2201 alia
181 2135 346 2219 incendia,
372 2135 493 2221 quibus
517 2134 595 2200 urbs
612 2133 720 2200 Roma
742 2137 869 2200 uexata
889 2136 950 2217 esi,
976 2133 1086 2200 adhue
1101 2135 1166 2200 nisi
1181 2133 1377 2200 breuissime

90 2262 201 2327 neque
220 2241 317 2327 plene
334 2244 416 2306 sunt
430 2243 586 2307 tractata.
619 2241 711 2322 Quae
729 2262 804 2307 eum
818 2241 870 2307 ita
887 2241 965 2323 sint,
989 2261 1058 2306 non
1073 2241 1226 2307 inutilem
1242 2260 1378 2322 operam

91 2368 146 2414 me
169 2347 399 2434 impensurum
429 2367 504 2412 esse
527 2349 620 2433 puio,
652 2368 728 2412 eum
755 2347 856 2434 paulo
882 2347 1074 2431 diligentius
1105 2348 1273 2434 inquiram
1296 2350 1378 2433 quot

93 2457 288 2540 quantaque
318 2453 474 2519 incendia
503 2454 739 2538 imperatorum
763 2455 969 2540 temporibus
1000 2455 1036 2519 in
1066 2455 1148 2521 urbe
1172 2454 1280 2520 Roma
1303 2457 1378 2520 oria

93 2563 169 2627 sint.
205 2559 272 2626 Sed
286 2559 481 2647 priusquam
502 2559 546 2625 ad
560 2559 603 2642 id,
629 2559 718 2646 quod
736 2560 818 2625 mihi
833 2561 1000 2646 proposui,
1025 2560 1207 2644 aggredior,
1231 2565 1376 2644 rogote,

93 2667 234 2734 candide
249 2667 363 2750 lector,
387 2688 441 2751 ne,
462 2666 551 2753 quod
565 2666 720 2733 incendia
735 2671 923 2753 temporum
941 2666 1054 2733 ordine
1071 2669 1206 2734 seruato
1223 2667 1376 2734 dinume-

92 2776 184 2858 rabo,
209 2776 395 2840 orationem
418 2794 528 2840 meam
551 2774 679 2840 aridam
701 2773 848 2858 grauiter
870 2775 968 2840 ieras,

200 2989 219 3057 ²)
238 2987 313 3042 Plus.
334 2987 425 3042 Crass.
438 2987 464 3042 2.

200 3076 220 3144 ’1
239 3075 393 3130 Liu.V4l.
430 3075 512 3131 Diod.
526 3075 661 3130 xlvllo.

107 3183 111 3190 ·
200 3166 220 3234 ⁸)
240 3166 274 3219 de
293 3165 424 3220 incendio
443 3182 462 3220 a
480 3165 568 3220 Gallis
587 3164 667 3219 fanto
687 3165 893 3220 disseruerunt:
913 3165 1035 3232 Nisae,
1054 3165 1106 3220 Die
1119 3165 1308 3234 chronologia
1328 3166 1377 3220 der

95 3253 253 3327 Gallisohen
271 3254 374 3323 Kriege
400 3253 445 3309 bei
463 3253 606 3325 Polybios,
630 3253 746 3308 Hermes
759 3253 822 3308 XIII
837 3253 907 3308 1878
925 3271 953 3324 p.
965 3251 1017 3308 401
1029 3269 1070 3326 sq.
1108 3255 1303 3320 Mommsen,
1323 3253 1377 3308 Die

95 3343 229 3412 gallisohe
237 3343 442 3413 Katastrophe,
454 3343 536 3398 uem.
545 3343 682 3412 Norsohg.
693 3343 718 3396 11
729 3359 757 3413 p.
767 3343 820 3398 297
828 3359 870 3414 sq.
890 3343 938 3397 'Ph
946 3350 1056 3408 ouret,
1071 3333 1146 3398 Uber
1156 3343 1211 3396 den
1220 3341 1376 3412 galiisohen

1 3425 5 3438 '
95 3431 194 3498 Brund,
208 3431 301 3486 Nleok.
315 3431 414 3487 Jahrb.
428 3431 448 3486 f.
461 3431 547 3486 klass.
560 3431 632 3486 Phil.
647 3432 744 3502 Suppl.
757 3431 796 3486 XI
807 3431 877 3486 1880
894 3448 922 3502 p.
934 3431 971 3486 93
977 3448 1018 3503 sq.
1046 3431 1173 3500 Unger,
1194 3431 1247 3485 Die
1259 3430 1376 3500 Quellen

96 3520 143 3574 des
161 3519 296 3590 Polybios
314 3521 353 3575 im
372 3520 533 3576 Gallisohen
552 3521 673 3586 Bericht,
693 3520 795 3577 Philol.
808 3521 923 3576 XXXIX
937 3520 1008 3576 1880
1024 3537 1052 3591 p.
1065 3519 1153 3591 eosq.
