3208 4992
98 4636 153 4648 ᾤ

772 261 993 328 ..62-

240 440 423 524 ungebant,
448 440 687 507 carcerarii
710 439 988 527 ueloptiones
1009 440 1247 527 carceris,¹)
1264 440 1528 524 uictimarii‚

240 548 297 634 qui
326 548 362 612 iu
392 547 532 630 singulis
564 546 756 614 cohortibus
788 547 910 629 singuli
932 546 1036 614 fuisse
1059 545 1253 633 uidentur.²)
1299 547 1530 614 Horrearii

240 652 427 720 custodiam
456 653 565 720 horrei
595 652 769 720 habebant
799 654 1013 741 rationesque
1044 653 1123 720 illuc
1152 653 1360 741 pertinentes
1388 655 1423 720 in
1449 658 1530 722 acta

238 761 402 847 recepisse
426 759 590 828 uidentur.
626 759 871 827 (larcerarii
894 763 1019 846 autem,
1044 761 1101 848 qui
1123 761 1159 827 in
1175 759 1315 844 singuiis
1331 761 1530 828 cohortibus

239 869 321 934 item
350 867 462 954 plures
493 866 599 933 fuisse
622 867 820 953 uidenturfl)
842 868 1013 935 inferiores
1037 870 1134 935 erant
1158 867 1294 955 optione
1317 867 1529 952 centuriae.⁸)

345 974 476 1056 Restat,
503 976 542 1040 ut
558 972 688 1042 dicatur
711 974 751 1042 de
774 973 901 1042 fabris
924 974 1072 1058 uigilum,
1098 976 1155 1060 qui
1179 976 1260 1040 sunt
1282 975 1528 1062 siphonarii,

240 1082 409 1168 aquarii,
447 1081 686 1164 centonarii‚
723 1081 952 1165 sebaciarii,
993 1081 1237 1148 emituliarii.
1295 1081 1530 1168 Siphonarii

238 1187 295 1254 uel
317 1187 527 1255 sifonarii
550 1188 606 1254 uel
629 1189 849 1274 siponarii
871 1187 1077 1275 siphonibus
1102 1189 1160 1274 qui
1183 1193 1280 1255 crant
1298 1190 1531 1256 instrumenta

239 1293 283 1362 ad
305 1293 461 1362 incendia
485 1295 733 1379 exstinguenda
755 1294 886 1379 idonea,
911 1293 951 1362 de
975 1294 1097 1381 quibus
1120 1295 1207 1362 inira
1237 1295 1388 1382 pluribus
1411 1296 1529 1363 uerbis

240 1401 357 1484 dicam,
389 1404 576 1488 praeerant.
632 1403 848 1491 Aquarii⁴)
883 1406 999 1469 autem
1032 1402 1228 1489 siphonibus
1259 1423 1383 1490 aquam
1413 1402 1529 1470 hamis

237 1507 397 1579 haustam
421 1509 675 1596 supportabant.
720 1509 837 1597 Neque
860 1530 939 1576 uero
962 1507 1143 1596 probabilis
1170 1508 1253 1576 mihi
1284 1530 1360 1576 esse
1390 1508 1530 1578 uidetur

238 1614 573 1699 Kellermanni⁶)
605 1616 785 1702 sententia,
820 1617 878 1703 qui
908 1614 988 1683 dicit
1018 1617 1175 1704 aquarios
1205 1615 1311 1684 fuisso
1346 1637 1403 1684 eos
1438 1637 1529 1704 quos

239 1720 431 1808 praefectus
455 1723 603 1808 uigilum,
628 1745 704 1790 cum
727 1724 840 1789 iussus
864 1727 954 1790 esset
977 1721 1155 1790 admonere
1185 1726 1245 1808 „ut
1269 1745 1392 1811 aquam
1414 1745 1528 1790 unus-

240 1829 380 1916 quisque
414 1829 596 1917 inquilinus
634 1830 671 1896 in
705 1830 864 1897 cenaculo
899 1829 1100 1914 haberet“,⁶)
1135 1833 1236 1918 atque
1271 1834 1324 1898 tot
1357 1835 1527 1918 tantaque

239 1934 354 2002 officia
367 1935 520 2003 iniuncta
535 1937 720 2022 habuisset,
745 1940 785 2003 ut
800 1937 914 2003 omnia
932 1958 991 2024 por
1007 1958 1044 2004 se
1060 1958 1175 2006 curare
1191 1938 1327 2004 minime
1342 1937 1525 2025 potuisset,

239 2063 257 2108 e
280 2043 426 2109 strenuis
450 2042 606 2127 uigilibus
631 2043 798 2130 elegisset,
830 2045 952 2132 quibus
979 2044 1068 2112 hano
1091 2065 1206 2111 curam
1228 2044 1432 2112 mandasset.
1480 2043 1528 2112 Et

239 2150 492 2217 centonarii
531 2154 705 2232 centenae,
746 2148 786 2216 de
822 2151 943 2239 quibus
978 2150 1066 2217 infra
1100 2150 1275 2237 disseram,
1312 2151 1528 2219 consuebant

239 2276 362 2343 eosque
386 2256 430 2323 ad
454 2255 745 2342 exstinguendum,
779 2259 808 2325 si
838 2258 927 2346 quod
960 2259 1109 2344 oriretur,
1141 2258 1333 2326 incendium
1363 2257 1526 2345 suppedi-

237 2363 368 2430 tabant.

345 2471 417 2536 Iam
437 2470 666 2558 quaerendum
690 2474 751 2556 est,
776 2471 856 2559 quid
880 2473 925 2539 sit
946 2471 1028 2538 illud
1052 2472 1339 2540 sebaciarius.
1385 2472 1460 2554 Qua
1481 2472 1525 2540 de

238 2598 274 2654 re
297 2598 503 2664 quamquam
525 2577 668 2644 multum
693 2581 745 2646 est
769 2577 986 2666 disputatum,
1010 2583 1127 2645 tamen
1150 2580 1340 2647 accuratius
1362 2579 1446 2647 nihil
1469 2583 1526 2646 est

238 2683 449 2771 explicatum.
485 2685 607 2752 Omnes
624 2688 739 2752 autem
762 2686 879 2753 titulos
902 2686 938 2751 in
961 2686 1145 2773 parietibus
1161 2687 1357 2754 excubitorii
1373 2686 1522 2754 cohortis

237 2791 298 2856 VH
321 2790 472 2878 uigilum
491 2791 635 2859 effossos
667 2793 764 2859 annis
788 2791 1033 2859 MDOOOLXVI
1064 2799 1099 2860 et
1129 2793 1357 2881 sequentibus,
1388 2794 1446 2881 qui
1477 2793 1523 2860 ad

236 2897 372 2967 achacia
394 2896 449 2965 uel
473 2899 657 2966 sebaciaria
679 2899 734 2966 uel
758 2899 945 2966 sabaciaria
968 2899 1021 2966 uel
1045 2900 1233 2967 subaciaria
1252 2901 1308 2967 uel
1331 2900 1521 2990 cebaoiaria

237 3002 292 3071 uel
315 3005 519 3073 schacciaria
542 3007 597 3073 uel
620 3006 827 3074 sebhaciaria
851 3006 907 3073 uel
930 3009 1101 3095 satacea⁷)
1124 3007 1303 3094 pertinent,
1333 3007 1523 3094 composuit

238 3111 415 3183 Henzen
444 3113 481 3179 in
509 3111 540 3179 O.
556 3115 578 3179 Ι.
594 3112 630 3179 L.
646 3113 693 3179 VI
716 3112 779 3180 sub
806 3134 838 3179 n.
862 3113 1093 3181 2998-3088.
1143 3112 1332 3201 Idemque⁸)
1363 3113 1522 3200 exposuit

237 3218 321 3286 illud
351 3219 537 3287 sebaciaria
568 3240 643 3286 cum
674 3219 759 3287 dixit
788 3218 894 3286 uideri
926 3241 1051 3288 nomen
1085 3221 1293 3288 sebaciomm
1315 3219 1468 3287 deriuari
1500 3242 1523 3287 a

237 3326 341 3392 norbo
365 3327 492 3410 sebum,
518 3327 680 3394 sebaoeus
704 3331 740 3394 et
758 3347 881 3393 munus
898 3327 1086 3410 significare
1102 3325 1200 3394 militi
1216 3327 1430 3394 commissum
1444 3326 1520 3411 hoc,

239 3436 279 3498 ut
302 3453 360 3519 per
383 3454 532 3499 mensem
557 3434 807 3501 excubitoribus
830 3434 968 3518 uigilum
992 3437 1094 3501 noctu
1117 3434 1234 3502 urbem
1250 3433 1521 3521 percurrentibus

237 3665 326 3720 latere
344 3665 391 3720 hic
409 3680 512 3720 munus
529 3664 643 3736 aliquod
662 3665 737 3736 quod
756 3665 791 3721 de
810 3681 884 3720 unco
907 3682 1011 3722 nomen
1028 3666 1155 3721 traxerit
1193 3665 1282 3721 Huius
1301 3665 1376 3720 euim
1394 3681 1478 3721 usum
1491 3666 1521 3720 in

236 3753 373 3810 incendiis
392 3753 606 3824 exstinguendis
624 3753 884 3825 frequentissimum
902 3755 1033 3811 debuisse
1053 3771 1121 3810 esse.

344 3843 362 3913 ²)
383 3843 411 3896 6.
431 3842 657 3898 1111112406.

344 3932 363 4002 ²)
382 3932 411 3988 O.
430 3932 451 3988 1.
470 3932 502 3987 h.
521 3931 559 3986 VI
579 3931 657 3988 1057.
677 3931 756 3986 1058.
792 3931 955 3988 Kellerm.
977 3934 995 3988 l.
1014 3949 1036 3988 e.
1054 3950 1080 4005 p.
1099 3932 1143 3988 21.

344 4022 363 4092 ³)
384 4020 451 4076 coni
469 4021 499 4076 c.
517 4020 537 4074 1.
556 4021 588 4076 h.
607 4020 645 4076 VI
663 4037 728 4092 pag.
746 4020 800 4076 202
819 4021 872 4078 col.
890 4021 916 4090 2,
927 4022 970 4093 (2).
983 4021 1017 4077 10
1035 4038 1099 4078 cum
1116 4037 1181 4092 pag.
1200 4019 1254 4077 205
1273 4020 1326 4077 col.
1344 4019 1467 4092 61315.

344 4109 364 4178 ⁴)
384 4109 576 4181 Magistris
595 4110 613 4164 1.
626 4127 648 4166 s.
668 4127 695 4181 p.
707 4109 752 4166 96.

343 4199 362 4269 q
382 4198 549 4254 Kellerm.
567 4198 585 4254 1.
598 4216 621 4254 s.
639 4215 667 4270 p.
683 4199 724 4255 16.

344 4287 363 4358 ⁰)
383 4287 445 4358 Dig.
459 4288 471 4343 I
486 4288 528 4355 15,
540 4287 566 4354 3,
575 4288 602 4344 4.

344 4377 475 4447 ⁷)uarias
505 4377 643 4432 lectiones
683 4376 767 4433 huius
797 4377 875 4434 uerbi
910 4378 1069 4449 composuit
1099 4376 1329 4448 Desjardins,
1366 4375 1448 4432 mem.
1484 4379 1521 4435 de

237 4465 403 4526 Iacaddmie
421 4466 471 4521 des
488 4466 613 4537 inscript.
633 4468 662 4521 et
680 4466 768 4522 belles
786 4466 885 4523 lettres
902 4467 1018 4522 XXVIII
1035 4466 1053 4521 2
1070 4466 1143 4522 1876
1161 4483 1188 4538 p.
1200 4466 1253 4527 271
1267 4482 1308 4537 sq.

343 4553 362 4624 ⁸)
382 4555 528 4611 Henzen
546 4554 642 4610 annali
661 4553 723 4611 dell’
741 4555 807 4611 inst.
826 4555 904 4612 arch.
924 4555 995 4612 1874
1012 4573 1039 4628 p.
1054 4554 1203 4612 rao-124.
