3208 4992
756 242 979 308 ..40..

226 420 425 505 imperatore
461 417 642 486 aedificata
675 421 743 487 situ
776 421 865 488 inter
899 442 935 488 se
970 421 1188 489 cohaeserint
1233 421 1330 489 Dicet
1364 423 1512 490 tortasse

225 525 393 612 quispiam
416 545 435 592 e
458 524 558 593 titulo
580 525 719 593 laudato
747 548 907 614 apparere
937 526 1020 594 illud
1042 528 1206 616 templum
1229 548 1319 595 anno
1344 529 1514 596 LXXVIII

227 653 257 719 p.
274 630 306 698 Ο.
322 652 354 699 n.
378 631 596 699 aedificatum
620 653 703 717 esse,
728 634 817 721 quod
839 638 928 702 teste
951 635 1090 719 Dione1)
1121 656 1210 702 anno
1237 634 1359 701 LXXV
1382 658 1414 724 p.
1429 636 1461 704 G.
1478 658 1511 702 n.

228 738 420 808 dedicatum
444 742 505 806 est.
540 740 587 806 At
601 738 746 808 fortasse
761 740 881 808 titulus
897 741 941 808 ad
956 742 1120 829 templum
1135 740 1320 829 perfectum
1337 745 1478 830 spectat.
1486 744 1513 832 ²)

228 844 345 934 Neque
377 847 540 932 templum
570 867 685 914 sacrae
709 847 817 931 Vrbis,
852 853 891 915 ut
925 869 1028 936 supra
1051 849 1129 932 dixi,
1163 849 1307 915 flammis
1341 853 1511 934 integrum

227 951 303 1038 init,
328 953 418 1041 quod
440 952 530 1021 idem
553 953 733 1042 Septimius
757 955 902 1021 Seuerus
936 956 1052 1022 refecit
1085 977 1155 1023 una
1178 977 1254 1023 cum
1276 955 1386 1023 forma
1409 957 1510 1039 urbis,

230 1081 318 1148 quae
340 1061 415 1148 ipsa
439 1081 570 1148 quoque
593 1060 746 1128 incendio
770 1061 881 1129 deleta
903 1066 984 1129 erat.

334 1166 401 1234 Illis
436 1166 572 1254 templis
607 1167 725 1234 deletis
749 1167 889 1235 flamma
922 1190 990 1256 per
1017 1169 1170 1236 Veliam
1201 1170 1250 1236 ad
1279 1170 1509 1237 Palatinum

226 1277 400 1341 montem
423 1274 545 1362 serpsit
567 1274 682 1367 multis
706 1273 859 1343 domibus
882 1275 1081 1364 templisque
1098 1278 1265 1364 correptis.
1302 1278 1352 1343 Ao
1367 1277 1509 1365 primum

227 1381 363 1469 quidem
384 1380 527 1448 horrea
548 1383 808 1469 piperataria,
833 1402 920 1469 quae
944 1386 1040 1450 erant
1064 1404 1086 1448 a
1100 1383 1292 1451 Domitiano
1316 1387 1510 1450 constructa

226 1489 262 1554 in
285 1488 539 1576 septentrionali
569 1491 665 1575 parte
697 1509 812 1556 sacrae
839 1490 926 1573 uiae,
961 1490 1109 1556 flammis
1144 1493 1225 1557 sunt
1260 1489 1508 1578 comprehensa,

228 1615 316 1683 quae
354 1599 475 1683 postea
511 1593 657 1662 fortasse
694 1597 821 1663 reiecta
859 1597 985 1680 eunti)
1029 1618 1170 1684 quorum
1207 1596 1278 1664 loco
1317 1596 1509 1663 Maxentius

227 1703 409 1788 imperator
438 1703 510 1770 siue
541 1704 662 1769 iterum
692 1703 861 1791 perierant
891 1704 963 1770 siue
995 1703 1167 1771 destructa
1195 1707 1301 1787 erant,
1336 1703 1510 1771 basilicam

228 1808 420 1876 aedificauit
454 1830 556 1896 quam
590 1809 833 1876 Constantinus
867 1809 1042 1877 dedicauit.
1092 1811 1208 1897 Neque
1243 1813 1296 1877 est
1330 1810 1509 1877 uerisimile

227 1915 447 1983 Faustinae
486 1915 676 2002 templum
714 1917 985 2002 conflagrauisse.
1042 1915 1085 1983 llt
1124 1939 1199 1984 curn
1236 1916 1429 1984 incendium
1468 1918 1511 1985 ad

228 2022 348 2089 horrea
377 2023 581 2110 piperataria
603 2043 815 2110 progressum
838 2023 893 2106 sit,
925 2023 994 2090 diui
1017 2023 1108 2092 Iulii
1136 2044 1291 2111 quoque
1321 2025 1511 2110 templum

228 2128 363 2196 uidetur
395 2129 465 2214 igni
498 2131 665 2214 integrum
698 2128 813 2197 irrisae.
869 2131 917 2197 At
950 2131 1098 2198 Vestae
1133 2131 1322 2219 templum
1356 2131 1510 2198 incendio

227 2235 445 2322 absumptum
479 2240 541 2320 est,
576 2237 666 2323 quod
699 2236 784 2303 Iulia
810 2237 951 2324 Domna‚
988 2237 1179 2305 Caracallae
1202 2240 1319 2324 mater,
1352 2237 1511 2324 reiecit.⁴)

227 2343 311 2410 Item
343 2345 491 2410 atrium
522 2344 669 2411 Vestae
699 2344 833 2428 interiit,
869 2345 957 2432 quod
988 2349 1092 2429 negat
1121 2344 1303 2432 Jordan⁶l
1337 2366 1414 2412 oum
1449 2347 1510 2412 hoc

228 2449 377 2517 deletum
400 2472 476 2518 esse
498 2451 677 2518 memoriae
708 2471 776 2518 non
807 2451 853 2518 sit
875 2451 1045 2520 traditum.
1090 2452 1216 2536 Regia
1246 2454 1361 2519 autem
1391 2472 1511 2538 parurn

228 2560 369 2625 uastata
392 2561 453 2624 est.
499 2557 616 2645 Neque
639 2557 852 2644 Palatium,
877 2560 1040 2645 utsupra
1063 2558 1141 2646 dixi,
1174 2558 1321 2626 flammis
1344 2559 1512 2626 intactum

227 2664 302 2731 fuit
362 2649 655 2731 Bibliothecam
694 2667 781 2732 enim
821 2665 958 2752 templi
996 2665 1196 2752 Apollinis
1239 2664 1391 2732 incendio
1432 2687 1510 2732 con-

228 2773 410 2866 sumptam*
423 2793 497 2839 esse
525 2774 673 2839 testatur
697 2771 892 2859 Galenus;⁰)
923 2775 998 2839 tum
1028 2776 1062 2839 et
1094 2773 1234 2839 aliorum
1264 2770 1446 2839 multorum
1478 2778 1511 2838 et

228 2877 329 2944 libros
368 2899 448 2945 suos
486 2879 649 2945 interisse.
682 2861 898 2946 *Secundum
935 2880 1077 2946 Dionem
1114 2879 1359 2945 tabularium
1398 2880 1510 2966 potins

337 3111 356 3181 ¹)
376 3109 431 3165 Dio
451 3109 537 3165 LXVI
557 3110 633 3176 15,1.
669 3111 788 3182 loseph.
807 3111 870 3166 bell.
889 3111 949 3166 Iud.
964 3111 1013 3165 Vll
1031 3111 1093 3178 5,7.

335 3198 520 3269 ¹)Richter
545 3198 563 3254 l.
585 3216 607 3256 s.
634 3216 662 3270 p.
685 3199 736 3254 113
764 3199 876 3270 scripsit
903 3199 987 3254 haec:
1019 3200 1109 3255 Unter
1136 3199 1281 3254 Caracalla
1313 3200 1434 3255 brannte
1462 3201 1511 3254 das

229 3289 367 3360 templum
384 3288 468 3344 Pacis
487 3290 533 3344 ab.
569 3289 633 3344 Wie
655 3288 740 3358 lange
768 3289 819 3344 das
837 3305 894 3343 von
913 3288 1066 3360 Septimius
1084 3289 1206 3344 Severus
1224 3288 1511 3359 wiederhergestellto

228 3378 366 3448 templum
385 3377 470 3433 Pacis
487 3377 646 3432 bestanden
665 3378 724 3443 hat,
742 3377 782 3432 ist
799 3377 881 3434 nicht
897 3379 1032 3434 bekannt.
1064 3378 1116 3446 Qui
1129 3377 1283 3434 conuenit?
1319 3375 1417 3449 Neque
1436 3377 1511 3432 enim

230 3466 351 3537 primurn
370 3466 516 3522 Caracalla
541 3466 712 3536 imperatore
739 3465 808 3522 illud
836 3467 972 3538 templum
989 3465 1113 3522 flammis
1133 3467 1258 3522 deletum
1277 3468 1327 3522 est.
1364 3466 1409 3520 An
1428 3472 1510 3536 putas

229 3555 403 3611 caracallam
421 3556 450 3611 in
468 3571 555 3626 regno
573 3555 743 3610 successisse
762 3555 898 3626 SeptImio
918 3556 1044 3612 Seuero?
1080 3556 1141 3612 Hoc
1160 3571 1273 3628 quoque
1291 3557 1336 3610 est
1353 3554 1510 3609 notandum

229 3643 365 3700 Gilbert
392 3644 484 3716 ipsum
510 3644 581 3699 haec
608 3644 754 3716 scripsisse
773 3645 798 3714 [l.
812 3661 834 3699 s.
848 3645 886 3699 Ill
904 3661 932 3715 p.
946 3645 998 3700 135
1016 3645 1081 3702 adn.
1093 3644 1133 3717 3)ss
1161 3645 1231 3700 tiber
1257 3643 1313 3699 den
1339 3643 1434 3698 Brand
1462 3642 1509 3697 des

230 3733 398 3804 Heiligtums
416 3739 501 3789 unter
518 3733 672 3798 caracalla,
698 3750 870 3806 quamquam
888 3750 974 3805 supra
992 3734 1018 3804 ll.
1032 3733 1106 3790 s.111
1124 3751 1151 3805 p.
1165 3733 1201 3788 36
1218 3732 1283 3788 adn.
1296 3732 1322 3801 3)
1341 3731 1412 3787 dixit
1431 3732 1509 3787 Com·

231 3822 317 3878 modo
335 3822 504 3894 imperatore
522 3822 659 3894 templum
677 3822 761 3878 Pacis
779 3822 981 3892 conflagrasse.

338 3913 357 3981 Β1
376 3911 521 3967 Richter
538 3912 556 3966 l.
570 3929 591 3966 e.
611 3929 638 3982 p.
653 3911 713 3966 164.

336 4001 357 4071 ‘l
377 4000 493 4055 Oohen
505 4000 561 4057 IV²
579 4017 606 4072 p.
622 3999 762 4055 124-125
781 4017 828 4057 nu.
840 3999 992 4057 282-245.
1020 4000 1133 4056 Notizie
1145 3999 1220 4069 degli
1231 3998 1311 4054 soavi
1325 3997 1402 4054 1899·
1412 4013 1440 4069 p.
1450 3996 1509 4052 288.

336 4090 357 4159 ⁵)
376 4090 519 4158 Jordan,
547 4089 662 4162 'Iempel
690 4090 739 4146 der
757 4091 853 4157 Vesta,
884 4090 953 4144 1886
971 4107 998 4162 p.
1010 4089 1054 4144 25.
1090 4089 1134 4145 De
1161 4087 1279 4144 diuersis
1307 4087 1390 4142 huius
1415 4086 1510 4157 templi

232 4178 490 4235 constructionibus
510 4179 576 4234 coni
594 4178 735 4246 Jordan,
764 4179 830 4235 buli.
850 4195 950 4235 comm.
969 4178 1039 4234 1884
1062 4178 1137 4250 p.88
1156 4194 1199 4249 sq.
1235 4175 1416 4241 Lanciani,
1445 4175 1509 4231 ibid

231 4285 257 4340 p.
272 4268 323 4323 145
342 4268 390 4341 qui
408 4267 476 4323 dicit
493 4268 610 4323 ineunte
628 4268 713 4323 tertio
732 4285 759 4340 p.
779 4267 843 4324 Chr.
863 4269 977 4324 saeculo
997 4271 1170 4340 postremum
1185 4266 1256 4322 illud
1268 4269 1437 4320 renouatum
1450 4279 1509 4319 esso

231 4360 383 4431 postquam
402 4356 532 4412 incendio
552 4357 646 4412 cxcu
665 4374 692 4429 p.
705 4358 735 4412 G.
748 4373 776 4414 n.
795 4361 858 4413 orto
878 4357 1002 4413 deletum
1020 4359 1072 4424 est,
1097 4359 1131 4411 ut
1148 4371 1202 4426 ego
1221 4354 1329 4426 opinor.
1366 4352 1509 4408 Richter

229 4447 248 4502 l.
262 4464 284 4503 s.
302 4462 331 4518 p.
343 4445 387 4502 80.

338 4537 357 4606 ⁰}
378 4535 475 4600 Galen.
493 4537 511 4592 l.
525 4552 547 4592 s.
560 4552 582 4591 s.
