3208 4992
756 273 984 339 „42-

228 454 292 518 ῦπὸ
315 461 371 537 τῆς
388 451 401 539 Ι)
417 458 482 518 τῶν
499 457 650 536 σκηπτῶν
674 453 844 536 ὅυνάμεως
867 453 1089 536 ἀνηλίσκετο.)
1128 451 1240 537 Atque
1254 450 1365 538 Ipsum
1381 449 1516 537 amphi-

227 558 399 626 theatrum
423 557 628 644 aliquamdiu
650 558 701 625 ita
723 556 871 624 dirutum
893 557 1007 642 iacuit,
1031 578 1133 644 quam
1157 557 1199 625 ob
1222 577 1292 623 rem
1314 556 1386 625 ludi
1408 556 1518 641 gladi-

229 666 327 731 atorii
350 686 409 752 per
431 664 556 731 multos
585 665 739 752 deinceps
771 685 879 731 annos
909 666 945 730 iu
975 663 1085 731 stadio
1118 663 1208 751 quod
1238 665 1312 730 erat
1343 663 1446 730 situm
1478 664 1519 730 in

229 793 346 859 campo
368 770 534 856 Μυσία)
558 771 639 838 editi
661 775 751 838 sunt.
797 769 893 852 Quod
915 771 1088 838 theatrum
1110 769 1315 855 Elagabalus
1337 770 1522 838 restituere

229 879 375 967 coepitlt
422 878 636 966 absoluitque
677 879 871 946 Alexander
909 878 1098 965 Seuerus.⁴)
1152 877 1339 944 Praedia
1381 898 1518 964 quoque

228 985 504 1070 Augustalia
526 983 679 1052 incendio
702 985 873 1073 perierunt
896 983 1116 1072 aedificiaque
1139 985 1282 1072 priuata
1329 983 1411 1051 Oum
1432 983 1520 1050 illud

228 1093 422 1159 incendium
437 1091 509 1158 loco
526 1091 666 1179 prodigii
680 1091 861 1160 haberetur
876 1091 1119 1178 manifesteque
1130 1093 1165 1158 in
1176 1091 1361 1159 MacrInum
1376 1090 1522 1159 tendere

228 1199 330 1284 uulgo
355 1198 526 1267 crederent
548 1202 725 1286 propterea
749 1198 838 1285 quod
861 1199 1025 1265 circenses
1040 1198 1184 1265 Vulcani
1198 1198 1296 1266 ludos
1320 1197 1521 1265 dissoluisse

228 1306 429 1388 uidebatur,
459 1304 531 1372 ludi
561 1327 582 1372 a
612 1305 759 1373 Macrino
790 1304 914 1393 populo
945 1305 1139 1392 postulante
1170 1309 1253 1372 sunt
1286 1304 1476 1372 instaurati.
1487 1304 1520 1391 δ)

229 1412 322 1479 Haec
339 1413 513 1480 hactenus.
529 1411 646 1498 Neque
670 1412 849 1499 quicquam
865 1412 946 1478 certi
969 1414 1104 1478 constat
1125 1411 1285 1499 proximis
1308 1411 1519 1496 temporibus

229 1519 346 1585 urbem
368 1517 532 1586 incendiis
555 1522 718 1586 uexatum
741 1540 824 1586 esse.
862 1518 964 1585 Haud
980 1519 1048 1586 scio
1064 1539 1110 1585 an
1126 1540 1168 1586 ex
1183 1519 1294 1586 uerbis
1310 1518 1403 1585 uitae
1419 1517 1517 1586 Alex.

230 1625 305 1692 Seu.
321 1626 383 1692 44:
408 1626 644 1711 „theatrum
659 1624 858 1692 Marcelli
880 1625 1016 1693 reficere
1032 1624 1162 1692 uoluit“
1187 1624 1296 1710 colligi
1310 1625 1418 1712 possit
1432 1624 1518 1691 illud

689 1731 896 1802 Alexandro
920 1730 1054 1802 Seuero

230 1839 432 1926 imperatore
457 1839 603 1906 flammis
628 1839 776 1906 deletum
799 1859 882 1906 esse.

337 1947 384 2013 At
407 1947 535 2012 certum
558 1948 611 2012 est

693 2053 891 2122 Maximino
914 2053 1053 2121 Thrace

229 2160 429 2246 imperatore
453 2161 598 2226 exeunte
622 2179 712 2226 anno
737 2158 941 2226 OOXXXVII
963 2180 993 2246 p.
1011 2159 1043 2226 O.
1059 2180 1091 2226 n.
1113 2159 1286 2225 Romam
1309 2158 1518 2225 maiorem

230 2269 402 2354 partem
423 2265 577 2332 incendio
599 2268 845 2333 concrematam
870 2287 944 2332 esse
960 2269 1043 2349 tum,
1069 2265 1521 2352 cum‚‚i11terpraetoriauos

231 2375 266 2438 et
288 2372 449 2459 populum
470 2375 570 2440 tanta
593 2371 713 2439 seditio
736 2372 812 2455 fuit,
836 2377 877 2438 ut
899 2371 942 2439 ad
965 2372 1088 2441 bellum
1109 2373 1311 2440 intestinum
1333 2373 1517 2456 ueniretur,

230 2479 322 2546 urbis
352 2478 479 2546 Romae
518 2501 596 2568 pars
631 2479 780 2546 maxima
813 2478 1046 2547 incenderetur
1078 2480 1206 2568 templa
1238 2479 1519 2562 foedarentur.“⁶t

230 2588 342 2673 Atque
366 2586 456 2672 apud
478 2585 708 2653 Herodianum
730 2586 795 2654 hoc
817 2587 977 2673 scriptum
1004 2586 1172 2654 uidemus:
1217 2589 1449 2672 κωλεωμένων
1481 2588 1521 2652 δὲ

229 2700 294 2759 τῶν
318 2697 429 2759 οἰκιῶν
452 2695 506 2759 καλ
528 2701 592 2760 τῶν
615 2696 831 2778 ἐργαστηρίων
853 2701 920 2767 ταῖς
941 2695 1071 2778 θύραις,
1095 2695 1149 2759 καλ
1172 2697 1204 2760 εἴ
1212 2719 1292 2766 τινες
1309 2694 1391 2778 ἦσαν
1410 2695 1522 2770 ξύλων

231 2802 341 2884 ἐξοχαί
362 2801 484 2889 (πολλαὶ
507 2801 542 2866 δέ
562 2799 654 2866 αὗται
675 2801 756 2865 κατὰ
771 2801 829 2884 τὴν
850 2801 962 2882 πόλιν),
985 2807 1051 2885 πῦρ
1073 2803 1301 2885 προσετίθεσαν
1324 2854 1331 2869 .
1355 2803 1455 2885 ῥᾷστα
1479 2801 1520 2866 dl

231 2907 283 2972 διὰ
305 2908 485 2992 πυκνότητα
507 2913 573 2973 τῶν
595 2913 766 2973 συνοικιῶν
781 2909 904 2982 ξυλείσς
922 2932 955 2972 τε
974 2908 1102 2991 πλῆθος
1116 2909 1295 2992 ἐπάλληλον
1315 2909 1521 2991 μέγιστον

229 3016 363 3098 μέρος
384 3021 455 3098 τῆς
477 3015 641 3086 πόλεως
663 3015 706 3079 τὸ
728 3021 809 3098 πῦρ
832 3016 1032 3098 ἐνεμήθη,
1057 3015 1104 3086 ὡς
1126 3014 1263 3086 πολλοὺς
1285 3014 1346 3090 μέν
1365 3015 1519 3080 ἔκπλου-

231 3123 309 3187 σίων
332 3129 461 3204 ποιῆσαι
482 3123 619 3205 πένητας
643 3172 650 3203 ,
674 3121 799 3205 πλῆθός
820 3146 853 3186 τε
876 3122 1065 3204 ἀνθρώπων
1096 3121 1371 3205 συγκατεφλέχθη,
1403 3127 1520 3204 φυγεῖν

229 3228 276 3312 μὴ
303 3229 509 3312 δυνηθέντων
533 3228 584 3292 διὰ
607 3228 643 3293 τὸ
672 3228 728 3300 τὰς
758 3228 890 3302 ἐξόδους
920 3229 984 3292 ὕπὸ
1014 3235 1070 3293 τοῦ
1100 3227 1204 3311 πυρὸς
1232 3229 1520 3312 προκατειλῆφθαι.

230 3341 435 3401 τοσοῦτον
466 3335 508 3400 δὲ
537 3337 668 3419 μέρος
697 3342 770 3419 τῆς
799 3335 964 3406 πόλεως
997 3335 1041 3399 τὸ
1075 3341 1154 3419 πῦρ
1189 3335 1427 3418 ἐλυμήνατο
1461 3335 1519 3408 ὡς

229 3442 443 3525 μηὸεμίον
475 3448 554 3507 τῶν
588 3444 801 3526 μεγίστων
833 3443 998 3507 πόλεων
1035 3442 1272 3526 ὀλόκληρον
1310 3442 1520 3507 ὁῦνασόαι

99 3636 104 3645 η
230 3553 284 3629 τῷ
313 3549 433 3632 μέρει
464 3549 736 3633 ἐξισωθῆναι.
782 3546 854 3628 Quo
877 3546 949 3614 loco
971 3547 1073 3632 igitur
1094 3546 1285 3614 incendium
1307 3546 1438 3614 factum
1461 3547 1518 3631 sit,

232 3653 375 3720 reticent
400 3655 584 3740 scriptores
630 3653 697 3722 Sed
719 3654 863 3721 fortasse
887 3657 1044 3741 spectant
1067 3655 1170 3722 etiam
1200 3654 1267 3721 huc
1297 3655 1403 3722 uerba
1429 3675 1519 3742 quae

232 3759 358 3846 scripta
383 3760 537 3828 uidemus
559 3761 594 3827 in
618 3761 677 3828 uit.
701 3761 788 3828 Max.
812 3763 847 3827 et
870 3760 1006 3844 Barba:
1031 3761 1131 3848 „quid
1155 3760 1244 3828 enim
1260 3781 1344 3848 opus
1361 3759 1402 3828 de
1417 3762 1517 3830 resti·

340 3939 361 4008 ¹)
380 3938 434 3993 Dio
453 3938 471 3993 l.
484 3953 506 3996 s,
519 3955 541 3994 s.

340 4028 359 4095 ²)
378 4026 431 4083 Dio
450 4027 588 4082 LXXVIII
607 4027 650 4093 25,
669 4027 695 4083 3.

339 4116 359 4182 θ)
378 4116 430 4171 uit.
448 4115 526 4186 Elag.
545 4117 564 4172 I.
576 4133 600 4172 s.
613 4133 636 4172 s.

338 4204 359 4272 ⁴)
377 4205 430 4261 uit.
447 4205 527 4260 Alex.
547 4206 612 4261 Seu
630 4205 675 4261 24.

340 4293 361 4362 Β)
380 4293 434 4350 DIo
454 4293 589 4350 LXXVIII
607 4294 652 4360 25,
669 4293 696 4350 4.

340 4383 360 4452 ο)
379 4383 430 4439 uit.
449 4383 523 4438 Max.
542 4385 573 4438 et
590 4383 670 4438 Belb.
689 4383 715 4440 9.
733 4383 785 4439 uit
803 4383 916 4439 Maxim.
935 4382 979 4440 20.
1016 4384 1119 4440 Herod.
1137 4383 1187 4440 VII
1207 4384 1250 4454 12,
1268 4385 1294 4440 5.

339 4471 359 4539 7)
377 4471 429 4528 uit.
447 4471 522 4527 Max.
541 4474 571 4527 et
582 4471 663 4528 Balb.
678 4472 702 4528 1.
721 4475 754 4528 at
771 4472 912 4528 Gilbert
928 4472 947 4528 l.
959 4489 984 4528 s.
997 4473 1036 4528 111
1055 4489 1083 4546 p.
1096 4473 1133 4529 86
1151 4471 1217 4530 adn.
1236 4473 1343 4530 4uliud
1354 4473 1517 4532 incendium

232 4559 317 4622 tuisse
336 4562 429 4631 putat.
