3208 4992
605 279 827 345 ..63-

68 455 164 523 faces
187 457 349 523 sebaceas
372 459 569 543 praestaret.
615 456 688 538 Qua
711 457 746 523 in
769 477 804 524 re
827 457 1002 524 Henzen
1030 459 1123 524 nisus
1147 461 1200 525 est
1222 457 1357 526 1666611

70 585 150 630 aere
173 564 275 647 lacta,
308 585 394 650 quae
427 563 555 630 effossa
584 585 653 630 non
683 564 798 651 procul
820 564 864 630 ab
889 565 1094 632 excubitorio
1119 564 1163 632 ad
1185 564 1299 633 Monte
1324 566 1357 632 di

68 671 166 737 Flore
189 691 281 737 nunc
304 674 505 738 conseruata
529 674 581 738 est
603 672 637 736 in
662 670 916 738 Conservatorio
944 672 977 738 al
1000 671 1267 761 Gampidoglio.²)
1313 671 1357 739 at

67 782 161 845 recte
186 777 321 865 quidem
345 777 424 845 dicit
446 777 729 866 marquardo)
758 778 959 846 sebaciarios
988 779 1195 846 excubitoria
1216 779 1356 863 uigilum

66 884 280 952 illuminasse
303 888 406 972 atque
428 885 463 952 id
487 885 671 952 secundum
695 884 955 972 Magistris⁸)
986 886 1079 952 uasis
1109 885 1270 953 fictilibus
1301 886 1356 954 uel

66 993 195 1076 ferreis,
228 1013 314 1079 quae
345 995 441 1059 eraut
472 992 638 1078 completa
669 993 749 1059 sebo
780 996 883 1080 alque
914 992 1108 1060 linamento.
1155 993 1247 1075 Quae
1278 1014 1355 1060 cum

65 1103 117 1168 ita
141 1103 222 1183 sint,
247 1099 423 1166 sebaciarii
440 1102 475 1165 et
490 1099 739 1166 excubitoribus
755 1100 894 1184 uigilum
909 1102 1011 1167 noctu
1029 1099 1146 1167 urbem
1160 1121 1354 1187 percurren-

65 1207 160 1275 tibus
169 1207 196 1294 ⁴)
228 1205 321 1274 faces
348 1205 509 1273 sebaceas
532 1207 783 1294 praestiterunt,
815 1208 905 1293 quod
935 1209 1056 1274 mirum
1085 1227 1155 1274 non
1184 1207 1354 1275 uidebitur

67 1337 153 1397 esse,
181 1335 258 1380 cum
280 1313 373 1380 urbis
387 1313 515 1380 Romae
538 1314 616 1380 uiae
638 1313 877 1401 posterioribus
900 1315 1107 1402 temporibus
1128 1313 1260 1402 publice
1284 1315 1355 1382 sint

65 1422 291 1503 illuminatae,
317 1423 351 1486 et
367 1419 575 1487 excubitoria
590 1441 770 1508 eorumque
785 1425 932 1508 portasl)
954 1421 1240 1505 illuminauerunt,
1265 1421 1355 1509 quod

66 1551 193 1596 munus
217 1528 314 1595 militi
336 1529 371 1594 in
386 1530 553 1612 integrum
572 1548 723 1595 mensem
739 1528 856 1596 datum
874 1532 927 1596 est
941 1532 1030 1596 teste
1046 1529 1146 1596 titulo
1166 1528 1353 1617 V13062.⁰)

64 1637 195 1718 Quodsi
209 1635 388 1720 interdum,
406 1635 460 1722 qui
478 1635 663 1702 sebaciaria
677 1635 770 1719 lacit,
795 1635 898 1702 alium
921 1635 1089 1724 quendam
1103 1637 1138 1701 in
1154 1636 1353 1703 societatem

65 1745 217 1810 muneris
241 1741 438 1830 adsumpsit,
449 1744 470 1828 ⁷)
494 1742 580 1809 alter
601 1745 718 1809 tamen
741 1763 856 1810 eorum
885 1745 999 1830 partes
1022 1742 1196 1829 primarias
1219 1741 1353 1810 uidetur

65 1851 239 1928 habuisse,
271 1871 380 1937 neque
411 1871 561 1937 unquam
591 1850 783 1917 inuenimus
812 1849 898 1917 duos
929 1850 1048 1917 eodem
1070 1870 1186 1916 mense
1210 1850 1351 1938 inscrip-

63 1959 177 2025 tiones
200 1958 237 2023 in
260 1955 453 2024 memoriam
475 1957 524 2023 rei
545 1959 702 2043 peractae
725 1957 946 2044 proposuisse.
981 1956 1097 2044 Neque
1120 1978 1200 2024 uero
1216 1957 1350 2024 silentio

65 2065 315 2152 praetereunda
344 2085 419 2131 esse
449 2064 590 2131 arbitror
621 2085 707 2152 quae
739 2063 796 2132 alii
823 2063 911 2132 docti
934 2065 999 2132 hac
1021 2063 1063 2131 de
1086 2085 1121 2131 16
1144 2065 1181 2130 111
1203 2062 1351 2130 medium

67 2172 289 2261 protulerunt,
306 2171 427 2259 quibus
444 2192 520 2238 cum
534 2171 643 2238 facere
659 2192 727 2237 non
742 2192 889 2258 possum.
925 2171 1094 2258 antani
1116 2170 1350 2258 Lovatelli⁸l

66 2282 157 2346 enim
181 2279 402 2346 sebaciarium
424 2277 614 2345 latemariis
643 2277 851 2365 praelectum
882 2279 986 2345 etiam
1014 2277 1089 2346 uias
1113 2278 1204 2344 urbis
1226 2277 1349 2344 illumi-

66 2387 203 2455 nauisse
226 2388 335 2473 putat,
360 2384 448 2473 quod
476 2385 557 2452 mihi
587 2384 863 2452 uerisimillimum
893 2407 963 2452 non
992 2384 1127 2452 uidetur
1156 2405 1241 2468 esse,
1273 2406 1350 2452 cum

63 2494 121 2562 ille
143 2496 197 2561 tot
219 2496 385 2580 tantaque
409 2493 521 2560 officia
542 2493 695 2558 iniuncta
716 2492 865 2559 haberet.
904 2491 1013 2574 Quid?
1047 2491 1142 2573 Quod
1163 2491 1223 2558 illa
1245 2494 1349 2578 atque

67 2601 130 2668 Ma
137 2600 294 2686 gistris
318 2600 450 2684 „oleum
472 2600 508 2666 in
532 2599 677 2684 caligas“
703 2600 924 2667 sebaciarium
946 2599 1201 2687 praeparauisse
1222 2597 1347 2682 dicunt,

65 2730 142 2778 curn
165 2709 231 2774 nisi
254 2709 335 2773 sunt
356 2706 455 2774 titrrlo
471 2706 517 2772 VI
540 2707 650 2774 30531
696 2707 743 2773 At
773 2728 851 2774 uero
882 2706 1113 2774 Mommsen
1144 2706 1188 2773 ad
1210 2704 1348 2773 titulum

67 2815 113 2882 VI
134 2814 224 2882 3038
255 2835 316 2880 suo
347 2815 418 2880 iure
450 2814 629 2881 aduolauit
658 2815 755 2882 haec:
786 2814 914 2899 caligae
943 2814 979 2880 in
1006 2815 1070 2881 hoc
1092 2812 1250 2881 uidentur
1273 2833 1347 2880 esse

66 2923 129 3010 ipsi
150 2921 274 2988 milites
297 2921 476 3008 gregarii.⁹)
521 2921 634 3007 Atque
657 2921 842 3009 Reber10)
867 2922 1010 3010 scripsit:
1041 2920 1106 2987 dab
1130 2941 1167 2987 es
1198 2920 1268 2987 sich
1292 2921 1347 2987 bei

67 3029 123 3096 der
144 3031 379 3112 sogenannten
403 3027 588 3096 sebaciaria
610 3050 667 3094 um
691 3029 764 3096 eine
788 3028 1015 3096 Illuminalion
1038 3028 1089 3094 als
1105 3027 1346 3096 wesentlichen

68 3136 135 3204 'leil
158 3134 216 3203 der
230 3134 506 3202 Feierlicbkeiten
522 3136 601 3203 oder
616 3135 808 3203 Zeremonie
823 3135 973 3221 bandelt,
998 3134 1073 3202 dari
1091 3135 1195 3203 ausser
1209 3133 1346 3202 Zweilel

69 3244 149 3328 seim
181 3243 289 3328 gewis
319 3241 439 3327 femor,
472 3242 536 3310 dab
567 3242 677 3310 dieses
699 3243 779 3310 cht
809 3265 871 3310 aus
894 3241 1155 3326 mannigfachcn
1177 3240 1345 3309 Aulissen

69 3349 276 3417 iiienllicher
298 3350 363 3416 wie
386 3349 534 3437 privator
548 3348 657 3416 Natur
681 3351 855 3434 begangen
870 3349 996 3433 wurde‚
1021 3369 1120 3436 quem
1140 3349 1248 3416 secuti
1263 3351 1344 3414 sunt

170 3636 189 3706 ¹)
208 3635 328 3706 Depictc
355 3638 400 3690 est
426 3635 456 3690 in
483 3634 551 3690 bull.
580 3651 680 3691 comm.
699 3634 764 3690 XIV
783 3634 853 3690 1886
870 3651 898 3705 p.
910 3633 964 3690 202
991 3637 1021 3690 et
1049 3633 1125 3705 apud
1152 3633 1342 3703 Magistris

66 3726 117 3782 ts.
135 3741 162 3797 p.
173 3723 216 3780 80.

170 3815 188 3882 ⁹)
208 3813 420 3886 Marquardl
438 3813 456 3868 l.
470 3830 491 3870 s,
506 3813 548 3868 11ῃ
567 3811 660 3884 pasl
678 3814 743 3869 adn.
757 3815 782 3870 6.

171 3903 397 3974 ¹)Magistris
416 3903 433 3957 l.
447 3919 470 3958 s.
488 3919 515 3973 p.
528 3902 562 3958 'll
583 3903 647 3958 adn.
663 3902 690 3958 1.

168 3993 188 4064 ⁴)
207 3994 236 4048 0.
249 3993 270 4048 1.
284 3993 315 4048 L.
328 3992 366 4047 Vl
379 3991 459 4050 3038.
495 3991 567 4064 llph.
586 3994 672 4065 epigr.
685 3993 749 4048 VlIl
767 4010 793 4064 p.
807 3993 913 4060 283‚22
932 3995 962 4048 et
979 4008 1007 4063 p.
1019 3991 1081 4048 208.

168 4076 187 4153 ⁸)
207 4081 236 4139 0.
248 4082 268 4137 l.
282 4081 314 4138 L.
326 4081 364 4136 Vl
376 4078 455 4138 3038.

168 4171 187 4240 ‘l
206 4171 273 4227 66111
290 4171 378 4227 etiam
396 4172 425 4227 0.
438 4171 458 4226 Ι.
472 4169 502 4226 L.
515 4171 554 4227 VI
565 4170 644 4226 3053.
664 4170 735 4226 3051
753 4187 777 4225 6.
791 4187 815 4225 a.

168 4259 187 4330 ⁷)
205 4259 362 4318 c.1.n.vl
381 4259 460 4317 3000.
479 4258 558 4315 3003.
577 4258 656 4318 3012.

169 4349 187 4420 ⁸)
206 4349 394 4406 Lovetelli
411 4350 429 4406 l.
443 4366 465 4404 s.
485 4366 511 4420 p.
527 4347 586 4404 138.

168 4439 187 4508 'l
206 4439 274 4494 conl
291 4439 377 4494 etiam
395 4437 526 4494 Mowat
544 4437 611 4493 bull.
631 4437 681 4494 des
700 4437 808 4509 antiqu.
825 4437 860 4492 de
879 4436 1069 4493 3166661806
1088 4453 1115 4509 p.
1131 4437 1190 4492 184.

158 4527 513 4599 ι011611611611322.
