3208 4992
781 308 1003 374 ...13-

252 509 331 555 mox
361 488 554 554 restitutam
586 508 660 554 esse
693 507 736 554 ex
758 487 942 573 Suetonii1)
973 486 1084 553 uerbis
1117 487 1308 574 „(senatus)
1339 487 1472 553 censuit
1503 490 1538 553 et

253 616 331 661 mox
354 599 394 662 ut
417 593 535 661 domus
560 594 591 660 ei
614 614 716 681 quam
738 593 892 660 incendio
916 593 1086 677 amiserat,
1110 593 1245 679 pubIIea
1266 595 1420 680 impensa
1435 595 1537 661 resti-

251 701 424 769 tueretur“
449 702 533 768 satis
557 704 704 788 apparet.
750 699 843 766 Haeo
872 699 977 766 habui
1009 700 1050 767 de
1081 699 1243 767 incendiis
1274 721 1362 788 quae
1385 700 1538 784 Caligula

252 810 452 895 imperatore
474 808 510 873 in
532 807 615 874 urbe
638 805 747 873 Roma
769 810 844 873 orta
867 809 956 873 sunt.

822 930 964 999 Claudii

252 1056 459 1143 temporibus
483 1055 614 1122 duobus
637 1055 808 1139 Inoendiis,
841 1059 1008 1143 quantum
1036 1055 1158 1142 accepi,
1190 1055 1269 1121 urbs
1300 1058 1440 1122 uastata
1472 1059 1537 1139 est,

252 1184 394 1250 quorum
428 1164 537 1229 maius
572 1183 661 1229 anno
695 1161 770 1228 LIV
803 1184 833 1250 p.
860 1160 892 1228 O.
919 1185 951 1229 n.
986 1164 1097 1229 ortum
1133 1163 1226 1248 este)
1271 1161 1418 1229 Zonaras
1446 1163 1538 1230 enim

253 1271 382 1354 ingenti
412 1269 565 1337 incendio
597 1269 712 1336 urbem
743 1268 886 1336 Romam
920 1268 1066 1336 deletam
1102 1290 1176 1335 esse
1214 1272 1369 1336 testatur.
1423 1270 1537 1356 Atque

251 1376 365 1444 elooo
390 1375 543 1443 Suetonii
565 1376 663 1443 modo
696 1376 809 1442 adlato
841 1376 950 1443 eluoet
973 1375 1255 1462 Aemiliana⁸)
1283 1374 1371 1463 quod
1393 1380 1539 1443 uocatur

252 1483 449 1550 suburbium
471 1482 528 1549 illo
552 1504 641 1550 anno
665 1483 813 1550 flammis
844 1483 1026 1569 absumpta
1049 1503 1133 1550 esse.
1179 1482 1401 1569 Templum
1432 1484 1537 1551 etiam

252 1589 509 1657 Felicitatis
541 1590 577 1655 in
607 1589 678 1657 loro
712 1590 825 1657 boario
857 1590 960 1658 situm
991 1610 1061 1654 una
1083 1610 1159 1655 oum
1182 1589 1322 1656 Veneris
1346 1589 1536 1671 simulaom,

251 1696 341 1784 quod
365 1700 438 1765 erat
460 1699 541 1763 ante
564 1696 657 1764 illam
680 1695 807 1782 aedem,
832 1697 901 1781 igni
925 1698 1200 1784 comprehensum
1224 1697 1318 1783 est.⁴)
1363 1696 1428 1762 Per
1451 1697 1538 1764 duos

252 1803 323 1870 dies
346 1803 553 1892 totidemque
580 1807 696 1872 noctes
726 1804 880 1870 incendio
911 1803 945 1869 id
976 1803 1174 1870 suburbium
1205 1804 1297 1889 arsit,
1329 1825 1538 1891 quamquam

252 1909 409 1978 Claudius
442 1911 635 1995 „deficiente
665 1910 809 1976 militum
832 1931 872 1976 au
895 1909 1099 1976 familiarum
1122 1911 1232 1994 turba,
1257 1909 1382 1976 auxilio
1403 1909 1538 1997 plebem

251 2038 310 2104 per
345 2017 563 2102 magistratus
599 2038 641 2083 ex
676 2017 830 2084 omnibus
866 2016 949 2084 uieis
988 2017 1188 2084 conuocauit
1226 2038 1266 2084 ao
1300 2017 1419 2104 positis
1455 2022 1538 2084 ante

251 2146 288 2190 se
325 2145 400 2191 oum
435 2124 579 2211 peeunia
608 2123 714 2208 sisois,
741 2123 785 2189 ad
815 2123 1083 2190 subueniendum
1113 2125 1269 2190 hortatus
1300 2125 1366 2209 est,
1401 2144 1537 2211 reprae-

255 2233 395 2297 sentans
429 2252 487 2317 pro
524 2251 625 2317 opera
659 2229 794 2314 dignam
832 2230 951 2317 cuique
989 2231 1235 2318 mercedem.“⁶)
1292 2229 1401 2312 Quid?
1440 2231 1539 2312 Quod

252 2337 435 2424 Agrippina
461 2337 539 2404 huie
561 2336 715 2404 incendio
738 2337 976 2424 interuenittl)
1022 2337 1115 2419 Quae
1139 2336 1273 2421 singula
1296 2336 1450 2405 aedificia
1480 2338 1538 2405 uel

251 2445 378 2531 templa
400 2444 471 2528 igni
493 2447 644 2530 correpta
667 2444 744 2520 siut,
767 2443 851 2510 nihil
875 2445 956 2511 uerti
979 2446 1124 2511 oonstat.
1170 2443 1263 2525 Quae
1295 2453 1372 2511 eum
1393 2445 1444 2510 Ita
1467 2445 1539 2511 sint

250 2551 339 2636 regio
356 2550 402 2617 IX
424 2552 606 2618 maximam
628 2553 759 2637 partem
782 2572 871 2618 anno
896 2549 970 2617 LIV
993 2571 1024 2637 p.
1041 2552 1073 2618 0.
1089 2572 1121 2618 n.
1145 2549 1297 2618 incendio
1321 2553 1449 2618 uexata
1473 2556 1537 2618 est.
1598 2543 1599 2548 ’

358 2658 429 2739 Quo
454 2653 543 2725 anno
567 2656 710 2725 alterum
732 2657 923 2724 incendium
947 2660 1057 2724 ortum
1080 2658 1134 2740 sit,
1168 2659 1347 2724 memoriae
1370 2679 1441 2724 non
1463 2662 1537 2724 tra-

252 2764 360 2831 ditum
383 2768 446 2832 est.
490 2765 607 2852 Neque
631 2767 721 2832 enim
747 2767 926 2852 quiequam
956 2768 1104 2831 testatur
1126 2764 1286 2854 Puniusr)
1316 2766 1382 2830 nisi
1404 2764 1537 2832 Claudii

251 2874 366 2940 aetate
388 2871 597 2958 templum
620 2872 793 2939 Salutis
824 2873 860 2938 in
887 2871 1049 2953 Quirinali
1079 2875 1193 2939 monte
1224 2873 1327 2939 situm
1357 2893 1428 2938 una
1459 2893 1538 2939 eum

250 2978 376 3045 tabulis
400 3000 422 3044 a
444 2979 547 3045 Fabio
572 2979 701 3046 Piotore
725 2979 822 3067 pictis
853 2979 921 3062 igni
949 2978 1097 3045 deletum
1121 3000 1204 3046 esse.
1251 2978 1347 3060 Quod
1369 2979 1537 3067 templum

250 3088 371 3173 postea
393 3088 555 3154 reiectum
579 3107 653 3152 esse
686 3086 886 3153 documento
911 3087 972 3169 est,
997 3084 1086 3173 quod
1101 3084 1231 3154 Notitia
1253 3086 1345 3153 urbis
1360 3085 1537 3170 regionum

250 3191 360 3280 XIV⁸)
375 3191 457 3259 illud
472 3191 635 3280 templum
655 3194 939 3259 commemoratur.
979 3192 1091 3279 Atque
1106 3192 1191 3260 haeo
1206 3191 1340 3280 quidem
1356 3193 1534 3278 haetenus

250 3298 426 3366 uideamus
450 3320 540 3366 nuno
564 3300 684 3385 quibus
708 3298 870 3365 ineendiis

822 3406 959 3476 Nerone

250 3514 449 3600 imperatore
472 3513 552 3579 urbs
576 3516 703 3580 uexata
726 3513 778 3579 sit.

358 3708 377 3778 ²)
396 3709 474 3765 Suet.
495 3708 592 3764 Claud.
605 3708 631 3762 6.

358 3798 377 3868 'l
396 3799 474 3854 Suet.
493 3797 590 3853 Claud.
611 3797 652 3852 18.
666 3796 766 3852 Zonsr.
778 3797 816 3851 XI
830 3797 861 3851 11
882 3797 919 3869 (p.
932 3797 975 3862 34,
994 3796 1101 3853 26-28
1113 3798 1146 3852 D.
1159 3821 1195 3843 =
1206 3796 1374 3853 BoisseraIn
1392 3797 1434 3853 ed.
1448 3795 1536 3854 Dion.

250 3887 505 3959 vol.IIIp.15,6l.
543 3884 689 3941 Gilbsrt
707 3885 725 3940 l.
738 3902 760 3940 s.
773 3886 812 3941 111
823 3886 900 3957 aas
917 3887 1012 3942 adn.2
1040 3887 1117 3942 looos
1136 3887 1266 3942 Suetonii
1291 3889 1321 3941 et
1345 3885 1471 3942 Zonaras
1497 3888 1537 3943 ad

251 3979 307 4033 duo
327 3977 440 4032 diuersa
457 3975 588 4032 incendiis
605 3977 736 4046 spectare
753 3977 846 4045 putet.
865 3976 941 4046 quod
959 3975 1029 4030 mihi
1050 3993 1109 4031 non
1128 3992 1189 4031 esse
1206 3975 1358 4031 uerisimile
1376 3974 1499 4031 uidetur.
1596 4015 1597 4034 2

357 4067 376 4136 ⁸)
396 4064 542 4120 (tilbert
559 4064 576 4120 l.
590 4080 612 4118 s.
625 4063 666 4119 111
684 4079 711 4134 p.
724 4063 786 4119 378.

356 4156 376 4224 ⁴)
395 4154 468 4210 Plin.
486 4171 513 4210 n.
528 4153 556 4207 b.
569 4152 684 4208 XXXIV
701 4152 745 4208 69.

358 4244 378 4315 ⁶)
399 4243 476 4299 Suet.
495 4243 513 4299 l.
526 4259 548 4298 s.

358 4334 377 4404 θ)
397 4332 451 4388 Dio
469 4332 487 4387 l.
501 4348 524 4386 s.
865 4383 869 4392 ,

357 4424 376 4492 ⁷)
394 4422 466 4478 Plin.
485 4439 513 4476 n.
526 4421 554 4477 h.
567 4418 669 4475 XXXV
679 4419 721 4476 19.
757 4419 819 4475 Vel.
833 4420 908 4476 Max.
920 4420 985 4475 VIII
1000 4419 1041 4486 14,
1050 4421 1075 4476 6.

357 4510 376 4580 ⁸)
395 4511 506 4566 Notitia
523 4509 563 4580 (et
582 4508 738 4578 GurIosuml
756 4508 833 4564 urbis
850 4510 959 4564 Romae
977 4525 1063 4580 quam
1087 4509 1183 4565 citabo
1208 4509 1360 4565 seeundum
1379 4508 1536 4566 edItionem

249 4602 268 4657 J
274 4600 404 4657 ordeni
422 4598 620 4671 'I'opograpbie
638 4597 665 4653 11
677 4613 705 4669 p.
717 4597 869 4664 ooo-574,
888 4614 911 4654 s.
930 4613 988 4668 reg.
1001 4598 1040 4654 Vl
1053 4623 1089 4643 =
1102 4598 1121 4653 J
1128 4598 1241 4655 ordan
1260 4599 1278 4654 l.
1291 4615 1313 4654 s.
1326 4599 1352 4652 ΙΙ
1362 4615 1390 4669 p.
1403 4597 1465 4654 olo.
