3208 4992
166 4605 221 4616 *-

762 260 986 327 ,30-

232 441 349 528 prioris
371 440 488 527 templi
511 439 781 524 magnificentiae
805 438 952 505 defuisse
975 437 1197 505 credebatur.“
1237 435 1333 517 Quod
1354 435 1516 522 templum

231 546 418 634 perlectum
452 550 506 614 est
538 545 683 612 fortasse
718 549 801 612 ante
836 566 944 612 annos
967 544 1088 611 LXXII
1115 544 1171 611 uel
1193 543 1369 631 LXXIH.¹)
1415 542 1515 626 Regio

232 654 335 738 igitur
356 653 432 719 VIII
454 675 569 720 rursus
591 652 736 720 flammis
759 655 888 719 uexata
910 655 971 719 est

343 760 555 848 Quamquam
577 760 619 826 de
642 760 751 826 uastis
774 757 937 826 incendiis

770 883 980 969 Vespasinni

233 1009 439 1096 temporibus
466 1009 594 1076 Romae
626 1009 707 1076 ortis
738 1007 821 1074 nihil
853 1008 935 1075 certi
957 1009 1157 1095 accepimus,
1189 1011 1305 1074 tamen
1335 1007 1427 1073 intra
1456 1005 1518 1072 hos

234 1116 348 1184 decem
384 1135 493 1182 annos
527 1116 643 1183 urbem
677 1113 840 1182 incendiis
873 1119 1036 1182 uexatam
1075 1137 1149 1182 esse
1185 1117 1325 1201 apparet
1360 1135 1403 1181 ex
1437 1113 1518 1180 locis

233 1222 350 1304 Taciti,
375 1221 537 1306 Suetonii,
561 1221 689 1289 Aurelii
711 1221 856 1289 Victoris
880 1242 901 1287 a
924 1241 977 1288 me
999 1220 1185 1308 laudatisfl)

340 1326 496 1396 lucendio
527 1332 644 1396 autem
675 1329 888 1413 saeuissime,
921 1328 1011 1416 quod
1040 1327 1110 1395 iere
1142 1325 1296 1395 incendio
1327 1325 1517 1396 Neroniano

233 1435 414 1524 adaequat,

833 1561 917 1630 uto

235 1687 434 1774 imperatore
465 1685 592 1752 Romae
624 1684 779 1752 aedificia
809 1707 886 1752 cum
915 1706 1013 1752 sacra
1043 1689 1117 1752 tum
1147 1685 1305 1773 profana,
1337 1705 1424 1772 quae
1456 1684 1518 1749 Dio
1585 1675 1586 1764 l

234 1796 420 1876 enumerat,
444 1792 626 1879 absumpta
649 1795 737 1859 sunt
769 1793 922 1880 Namque
946 1815 975 1860 a
992 1792 1021 1860 d.
1038 1792 1084 1858 IX
1098 1792 1165 1861 kal.
1181 1793 1271 1879 Sept.
1287 1793 1369 1858 anni
1383 1789 1520 1857 LXXIX
1584 1767 1586 1858 l

233 1923 263 1989 p.
280 1899 312 1966 Ο.
328 1921 360 1966 n
383 1899 525 1966 Vesuuii
547 1899 672 1966 montis
695 1899 848 1966 incendio
870 1898 1093 1986 pulcherrima
1112 1899 1315 1986 Campaniae
1339 1919 1398 1965 ora
1420 1897 1517 1964 foede

232 2009 387 2091 uastata,
418 2006 557 2073 ineunte
588 2027 677 2074 anno
701 2006 823 2072 LXXX
845 2029 875 2095 p.
892 2005 924 2073 (1.
940 2007 1008 2095 n.³)
1032 2028 1108 2074 cum
1138 2007 1235 2074 Titus
1266 2007 1311 2072 ad
1341 2005 1517 2072 uisendam
1584 1975 1586 2100 Ι

234 2112 437 2200 Campaniae
461 2111 690 2180 calamitatem
704 2113 875 2200 proiectus
899 2117 980 2200 erat,
1004 2112 1194 2181 incendium
1216 2112 1298 2180 illud
1322 2115 1432 2179 ortum
1456 2115 1515 2193 est,

234 2239 300 2306 quo
323 2240 382 2307 per
403 2218 551 2286 triduum
573 2219 780 2308 totidemque
803 2223 921 2288 noctes
944 2220 1104 2308 imprimis
1128 2242 1307 2307 campus
1331 2219 1516 2286 Martius

233 2328 393 2393 uastatus
416 2328 470 2392 est
497 2329 533 2393 et
555 2325 862 2415 Capitolium)
907 2327 1001 2408 Quae
1031 2327 1134 2394 fuerit
1164 2349 1268 2394 causa
1294 2326 1396 2392 huius
1427 2325 1516 2392 cala·
1585 2379 1586 2398 .

233 2433 372 2517 micatis,
396 2431 480 2499 nihil
503 2434 584 2503 certi
607 2437 750 2501 constat.
796 2433 913 2521 Neque
937 2435 1026 2501 enim
1048 2435 1111 2502 Dio
1135 2435 1266 2521 scripsit
1288 2434 1355 2500 nisi
1377 2436 1463 2500 οὕτω
1486 2459 1516 2498 τε

233 2541 270 2604 τὸ
292 2541 396 2605 κακὸν
420 2543 480 2606 οὐκ
504 2543 712 2625 ἀνθρώπινον
736 2543 815 2607 ἀλλὰ
839 2543 1004 2626 δαιμόνιον
1029 2544 1184 2626 γενέσθαι.

340 2645 525 2713 Videamus
548 2669 638 2714 nunc
661 2669 748 2735 quae
772 2647 927 2716 aedificia
949 2647 1141 2735 templaque
1165 2649 1312 2714 flammis
1336 2648 1405 2714 sint
1428 2668 1515 2714 com·

233 2752 408 2840 prehensa.
454 2753 604 2840 Saepta
627 2753 731 2821 Iulia
757 2756 857 2838 enim,
881 2776 969 2842 quae
992 2754 1182 2822 Neroniano
1206 2754 1359 2822 incendio
1382 2752 1516 2820 fuerant

233 2860 379 2944 integra,
410 2874 569 2944 magnam
599 2865 730 2949 partem
759 2862 828 2946 igni
860 2861 1169 2945 conflagrauemrnt,
1206 2882 1292 2948 quae
1323 2863 1444 2948 postea
1474 2861 1514 2926 ab
1585 2849 1586 2888 ³

234 2965 404 3033 Hadriano
421 2970 501 3034 sunt
516 2969 713 3055 restituta.⁶)
741 2968 867 3049 Quodsi
881 2969 950 3036 iam
964 2969 1156 3036 Domitiano
1172 2970 1371 3056 imperatore
1386 2967 1515 3034 illorum
1584 2949 1586 3020 f

234 3075 426 3160 saeptorum
449 3077 574 3142 mentio
597 3075 646 3158 fit,
677 3076 818 3142 Rebar
848 3079 937 3143 recte
968 3075 1002 3141 id
1032 3077 1302 3164 interpretatum·
1320 3096 1395 3142 esse
1423 3078 1513 3162 puto,
1585 3095 1586 3170 g

235 3181 292 3267 qui
315 3180 395 3247 dicit
417 3180 514 3248 haec:
539 3183 613 3249 eine
629 3181 971 3266 Wiederherstellung
994 3181 1078 3250 wird
1101 3188 1171 3249 erst
1192 3204 1261 3249 von
1283 3181 1434 3248 Hadrian
1456 3182 1514 3248 be·
1585 3193 1586 3216 ³

233 3286 365 3374 richtet,
389 3289 458 3355 und
475 3289 561 3356 doch
574 3289 688 3356 finden
712 3288 783 3356 sich
806 3291 907 3356 unter
919 3289 1092 3356 Domitian
1116 3290 1169 3356 die
1185 3290 1311 3377 Saepta
1333 3287 1513 3371 mehrfach,

235 3394 315 3460 aber
329 3415 371 3460 zu
386 3415 472 3479 ganz
496 3395 654 3462 enderem
670 3394 857 3480 Gehmnch,
883 3397 1045 3464 erwahnt.
1076 3396 1138 3463 Die
1155 3395 1262 3463 Sache
1278 3397 1324 3462 ist
1339 3395 1514 3464 unschwer
1584 3379 1586 3394 ⁴

235 3522 277 3566 zu
288 3500 450 3568 erklaren.
466 3502 527 3568 Die
539 3501 671 3588 Anlage
682 3501 810 3570 konnte
821 3524 886 3569 nur
897 3502 1059 3571 teilweise
1071 3506 1212 3570 zerstdrt
1224 3503 1311 3587 sein3
1324 3503 1409 3569 doch
1420 3524 1513 3571 wozu
1580 3507 1586 3602 ¹l

234 3607 396 3674 brauchte
412 3630 492 3674 man
512 3609 564 3676 die
580 3607 803 3694 vollstandige
819 3609 1078 3694 Umiriedigung‚
1095 3632 1192 3678 wozu
1209 3609 1274 3676 den
1290 3609 1415 3678 weiten
1431 3609 1512 3676 Ver·
1584 3591 1586 3676 l

344 3839 840 3912 1111011.ΙἾ).4491111.242.243.
876 3841 970 3898 Aurel.
990 3842 1244 3908 vacuasset.
1281 3843 1355 3898 Plut.
1375 3843 1453 3914 Popl.
1473 3842 1511 3898 15.

235 3928 264 3984 G.
278 3929 298 3986 I.
311 3929 342 3985 L.
356 3930 393 3983 Vl
405 3929 503 3986 31422.
541 3929 703 3986 Secundum
723 3930 817 3986 Aurel.
838 3931 911 3987 Vict.
934 3932 1015 3987 Caes.
1035 3931 1105 3998 11‚4
1129 3947 1191 3987 esse
1217 3931 1341 3988 fortasse
1368 3932 1511 3987 uerisimile

234 4018 325 4074 uideri
342 4021 441 4090 potest
458 4019 651 4075 Domitianum
670 4019 726 4076 hoc
744 4021 881 4092 templum
899 4019 1059 4091 perfecisse.

342 4108 362 4176 ¹)
381 4107 449 4164 coni
465 4107 542 4180 p.28
560 4108 625 4165 adn.
639 4107 663 4164 1.

342 4198 362 4266 ³)
381 4197 544 4264 Schiller‚
556 4199 625 4254 rom.
638 4197 834 4269 Kaisergesch.
847 4198 859 4252 1
871 4213 899 4270 p.
912 4197 966 4254 ele
979 4215 1071 4254 errore
1083 4198 1152 4254 dicit
1163 4215 1240 4255 anno
1252 4197 1394 4254 LXXXIII
1406 4215 1433 4272 p.
1446 4197 1473 4255 G.
1485 4217 1508 4255 n.
1584 4261 1586 4288 A

233 4285 290 4342 lioc
307 4285 469 4342 incendium
487 4289 581 4342 ortum
600 4303 670 4342 esse.
1584 4295 1586 4350 i

341 4375 361 4446 ¹)
381 4375 571 4431 auarus.
608 4375 707 4431 nomn
724 4377 750 4432 e.
766 4376 810 4432 eo.
846 4375 900 4432 mo
917 4377 1004 4434 nxvr
1016 4377 1060 4443 24,
1072 4376 1096 4432 1.
1121 4377 1348 4448 Plut.Pop1.15.
1375 4376 1508 4434 croam
1585 4351 1586 4428 l

234 4463 260 4532 e,
272 4463 314 4520 14.
351 4463 445 4519 Aurel.
465 4464 537 4520 Vict.
557 4465 624 4536 epit.
639 4463 733 4533 10,12.
770 4465 883 4522 Hieron.
902 4482 927 4521 a.
946 4466 1013 4525 Abr.
1026 4465 1105 4522 2096.

342 4553 362 4623 ⁸)
382 4552 432 4609 uit
450 4552 535 4609 Hadr.
556 4553 598 4609 le.
