3208 4992
4 409 6 452 l

4 515 6 552 i

612 286 835 352 ..47ss

4 475 6 502 ³
84 467 173 551 regio
187 467 245 551 111;
269 465 481 553 quinquies
504 465 656 548 regiones
672 463 728 548 IV,
745 465 804 547 XI3
828 463 954 530 octies
978 463 1069 546 regio
1084 462 1129 546 X3
1152 461 1364 529 duodecies

84 575 171 658 regio
186 573 245 658 IX;
268 576 330 640 ter
353 572 479 639 decies
502 572 592 655 regio
609 571 690 640 VIII.
722 571 815 638 Haec
831 574 929 637 erant
944 570 1099 637 incendia
1118 569 1364 636 uehementi-

84 701 165 747 ora.
210 679 319 761 Quam
352 679 468 746 multis
503 682 538 745 et
571 679 685 766 paruis
719 676 882 746 incendiis
913 677 1032 744 urbem
1062 675 1126 743 illis
1158 675 1365 762 temporibus

84 786 210 854 laesam
233 808 309 855 esse
324 789 436 874 putas,
461 806 602 873 quorum
624 785 798 852 annalium
821 785 999 871 scriptores
1018 783 1147 850 nullam
1162 783 1366 850 mentionem

83 893 257 960 fecerunt?
303 892 412 974 Quam
441 891 567 960 multas
590 891 719 959 insulas
742 891 890 958 flammis
918 891 1116 978 absumptas
1140 910 1215 957 esse
1238 890 1366 976 putas?

84 999 176 1067 Haec
198 1000 373 1068 hactenus.

593 1282 853 1439 Gapmtll.

83 1483 170 1577 Quo
208 1483 334 1563 modo
366 1483 524 1565 Rornae
561 1483 758 1687 incendiis
784 1501 948 1688 larcere
984 1482 1054 1563 uel
1090 1481 1367 1582 exstinguere

590 1610 718 1688 conat
762 1610 860 1689 snt.

164 1767 196 1834 1.
218 1767 272 1834 De
295 1766 439 1850 legibus
462 1783 553 1848 quae
576 1765 619 1832 ad
643 1765 856 1834 aedificandi
878 1765 1058 1833 rationem
1081 1765 1277 1849 pertinent.

192 1890 285 1972 Quae
301 1893 398 1957 erant
413 1891 540 1978 primae
557 1910 680 1957 causae
696 1890 971 1957 saeuissimorum
985 1889 1235 1956 incendiorum?
1263 1888 1367 1955 Aedi-

81 1996 210 2064 ficandi
244 1997 330 2064 ratio
341 1999 367 2084 1)
399 2000 472 2064 erat
505 2018 576 2064 una
610 2017 652 2064 ex
690 1997 755 2063 illis
788 1999 898 2063 causis
926 2017 1035 2085 neque
1060 1996 1205 2063 minime.
1251 1994 1367 2083 Neque

81 2105 174 2171 enim
218 2106 258 2188 is,
305 2105 362 2190 qui
407 2103 585 2170 aedificare
630 2104 777 2187 uolebat,
825 2111 886 2170 aut
931 2103 1103 2170 firmitatis
1149 2105 1211 2171 aut
1254 2101 1367 2170 solidi-

81 2212 167 2279 tatis
190 2210 352 2277 materiae
380 2210 547 2278 rationem
568 2210 728 2295 habebat,
761 2209 821 2277 sed
845 2211 958 2277 omnia
988 2209 1032 2276 ad
1063 2230 1160 2277 suam
1183 2209 1369 2277 utilitatem

83 2317 258 2386 referebat.
303 2317 415 2404 Atque
439 2319 503 2384 hoc
532 2317 569 2383 in
599 2321 756 2404 promptu
785 2319 845 2383 est
891 2316 979 2383 Nam
1009 2317 1238 2384 habitationes
1272 2321 1368 2384 erant

83 2446 178 2492 rarae
207 2445 399 2511 mercesque
427 2424 648 2492 habitationis
676 2425 824 2491 maxima
846 2423 1129 2500 (Poehlmann
1159 2423 1179 2489 l.
1207 2445 1232 2489 s.
1263 2446 1294 2510 p.
1315 2423 1367 2491 73.

80 2533 137 2600 74.
164 2531 217 2599 76.
246 2531 387 2598 96-98.
418 2531 480 2597 103
494 2552 541 2618 sq.
572 2529 798 2617 rosodal).
848 2530 923 2597 Huc
958 2529 1089 2597 accedit
1122 2530 1211 2618 quod
1247 2532 1369 2617 postea

83 2637 252 2705 mercedes
274 2637 525 2705 habitationum
547 2638 805 2704 conductoribus
828 2638 959 2724 publice
990 2641 1070 2704 sunt
1093 2637 1291 2704 imminutae
1314 2636 1369 2703 uel

84 2746 245 2812 remissae
269 2743 318 2833 (P.
341 2767 372 2831 p.
388 2744 453 2833 74).
499 2744 566 2811 Sed
588 2746 726 2829 longum
758 2748 811 2812 est
842 2745 955 2812 omnia
978 2765 1235 2811 commemorare
1258 2765 1369 2833 neque

81 2856 139 2919 est
153 2852 255 2918 huius
273 2850 339 2918 loci
361 2851 552 2919 accuratius
568 2851 749 2938 disputare,
775 2852 896 2940 quibus
913 2850 954 2918 de
979 2853 1089 2918 causis
1105 2851 1232 2918 Romae
1249 2851 1368 2918 domus

84 2958 377 3044 neglegentissime
423 2959 492 3024 sint
537 2958 745 3025 aedificatae.
796 2957 905 3024 Velim
947 2958 1041 3043 legas
1078 2957 1369 3025 Poehlmanni

83 3064 234 3133 libellum
258 3065 427 3149 egregium
443 3086 464 3131 a
479 3086 532 3132 me
552 3065 739 3150 laudatum,
764 3087 830 3152 quo
853 3085 952 3132 nemo
977 3066 1035 3152 qui
1057 3064 1148 3131 hisce
1173 3064 1292 3132 studiis
1313 3063 1370 3132 uel

1 3177 2 3192 ¹
81 3173 283 3240 subitariam
307 3192 442 3259 operam
464 3171 655 3258 impendere
679 3171 832 3257 uoluerit,
858 3193 969 3239 carere
992 3171 1123 3258 poterit

195 3279 254 3362 „ln
277 3298 319 3345 ea
341 3281 457 3345 autem
480 3279 660 3346 maiestate
684 3279 776 3346 urbis
800 3281 835 3345 et
858 3278 982 3345 ciuium
996 3277 1133 3344 infinita
1147 3278 1365 3365 frequentia‚“

1 3380 2 3470 ᾖ
85 3406 166 3452 nam
197 3406 239 3452 ex
269 3384 458 3472 municipiis
491 3388 527 3451 et
558 3384 705 3464 coloniis,
739 3405 782 3452 ex
812 3387 885 3452 toto
919 3385 1062 3472 denique
1094 3383 1172 3451 orbe
1203 3386 1369 3450 terrarum

1 3477 2 3498 ³
83 3491 238 3559 homines
265 3491 408 3558 Romam
436 3491 682 3574 confluxerunt,
717 3491 996 3575 „innumerabiles
1026 3491 1253 3558 habitationes
1284 3512 1368 3577 opus

1 3619 2 3671 t
86 3602 139 3666 est
163 3597 337 3685 explicare.
362 3618 439 3682 ergo
464 3619 540 3664 cum
562 3598 707 3685 recipere
729 3618 799 3664 non
821 3600 962 3685 possent
985 3619 1083 3666 areae
1106 3596 1267 3684 planatae
1290 3601 1368 3664 tan·

1 3711 2 3794 i
84 3710 157 3772 tam
186 3703 437 3771 multitudinem
468 3703 511 3772 ad
543 3703 767 3772 habitandum
796 3706 832 3771 in
862 3705 963 3772 urbe“
994 3705 1050 3772 uel
1079 3707 1119 3770 ut
1149 3703 1368 3792 pulcherrime

1 3801 2 3894 l
83 3809 166 3880 dicit
189 3811 318 3878 Seneca
327 3811 350 3899 ⁹>
377 3810 629 3897 «frequentiam,
661 3813 714 3879 cui
736 3811 796 3878 uix
818 3812 911 3879 urbis
934 3813 1100 3879 immensa
1122 3813 1215 3878 tecta
1238 3810 1368 3878 suffici-

1 3997 2 4006 *
85 3921 180 4002 unt»,
220 3915 283 4001 „ad
325 3917 489 3984 auxilium
526 3917 715 3985 altitudinis
754 3917 984 3986 aedificiorum
993 3919 1016 4005 ⁸)
1055 3940 1109 3985 res
1147 3918 1222 4004 ipsa
1261 3919 1369 4002 coegit

194 4095 214 4165 ²)
233 4095 269 4151 de
287 4095 397 4151 ratione
417 4095 588 4151 aedificandi
605 4095 682 4152 urbis
700 4095 809 4152 Romae
828 4095 896 4150 conf
913 4096 1181 4164 Poehlmann‚
1210 4095 1256 4152 die
1283 4084 1369 4151 Uber-

1 4215 2 4220 1
85 4183 242 4254 vdllrerung
254 4184 303 4240 der
315 4184 433 4240 antiken
446 4184 620 4240 Grossstddte
635 4184 704 4241 1884
722 4201 749 4256 p.
765 4183 817 4240 110
826 4201 868 4256 sq.
896 4184 1177 4254 Friedlaender,
1197 4184 1271 4240 S.-G.
1291 4182 1325 4240 R.
1339 4182 1370 4238 1·
1504 4213 1509 4222 ·

86 4289 114 4344 p.
127 4273 141 4328 l
152 4288 196 4345 sq.
231 4273 355 4344 Voigt‚
374 4271 515 4329 romische
532 4273 718 4344 Bsugeeetce‚
739 4273 870 4330 Berichte
889 4273 915 4328 d.
934 4273 1040 4343 kdnigl.
1060 4273 1154 4330 sdchs.
1168 4272 1321 4329 Gesellsch.
1342 4273 1368 4328 d.

85 4360 259 4418 Wrssensch.
277 4360 409 4418 1ι71903
427 4379 454 4434 p.
469 4361 520 4417 175
530 4379 572 4435 sq.
609 4361 758 4418 Richter
775 4362 793 4418 l.
806 4379 828 4418 s.
847 4379 874 4433 p.
887 4363 931 4418 57.

193 4450 214 4522 ¹)
235 4450 332 4510 Seneo.
350 4452 456 4507 consol.
475 4451 512 4506 ad
530 4450 611 4507 Helu.
629 4451 654 4517 6,
665 4450 691 4506 2.

195 4541 216 4610 ¹)
235 4539 463 4596 Poehlmann
480 4540 499 4597 1.
511 4556 534 4595 e.
553 4555 581 4610 p.
593 4539 637 4595 91.
675 4539 904 4613 Marquardt,
929 4539 1038 4597 Handb.
1063 4541 1090 4597 d.
1108 4539 1177 4597 rdm.
1196 4538 1369 4596 Altertr'rmer

87 4626 156 4683 vn·
173 4645 201 4700 p.
213 4628 275 4686 221.
