3208 4992
766 276 989 342 ..33-

238 454 435 518 ἕπαύοατο.
467 452 514 518 At
528 451 739 519 Herodianus
762 455 910 520 testatur
933 457 979 520 ὅτι
1007 457 1096 521 οὐδὲ
1118 457 1306 540 πρότερον
1330 458 1528 523 ἐπαύσατο

237 559 325 642 πρὶν
349 563 368 642 ἢ
392 561 687 643 κατενεχθέντες
710 562 850 646 ὄμβροι
873 563 1035 646 ἐπέσχον
1058 565 1174 628 αὐτοῦ
1197 563 1262 647 τὴν
1286 565 1417 648 ὁρμήν.
1442 567 1529 630 ὅθεν

238 666 349 731 καὶτὸ
372 672 436 730 πᾶν
459 669 553 749 ἔργον
577 669 775 752 ἒξεθειάοθη,
798 670 1010 734 πιστευόντων
1032 673 1101 734 κατ’
1118 671 1219 735 ἐκεῖνο
1234 678 1349 753 καιροῦ
1364 677 1429 736 τῶν
1452 673 1526 737 τότε

238 773 426 855 ἀνθρώπων
450 774 496 837 ὅτι
519 775 649 857 γνώμῃ
670 775 774 840 θεῶν
800 776 863 841 καὶ
887 776 1047 860 δυνάμει
1069 778 1211 861 ἤρξατό
1237 803 1275 842 τε
1296 778 1337 843 τὸ
1359 785 1434 862 πῦρ
1457 780 1528 844 καὶ

238 880 405 945 &abacta
450 878 567 965 Neque
597 879 831 967 imperatorem
861 881 972 968 ipsum
1003 883 1061 968 qui
1090 883 1164 969 ipsa
1185 882 1294 950 Roma
1321 887 1393 950 tum
1417 883 1528 970 suast)

237 983 391 1051 incendio
415 983 564 1052 sedando
586 986 778 1054 interfuisse
800 987 1013 1055 Herodianus
1036 990 1216 1057 memoriae
1239 989 1385 1058 tradidit.

344 1091 421 1157 Dixi
445 1090 485 1158 de
509 1092 702 1160 auctoribus
726 1093 857 1160 illorum
880 1094 1118 1182 incendiorum,
1153 1097 1260 1163 dicam
1288 1118 1378 1164 nunc
1402 1096 1443 1164 de
1466 1100 1526 1164 in-

238 1197 364 1265 cendiis
387 1199 478 1285 ipsis,
503 1202 538 1266 et
554 1198 661 1266 dicam
680 1201 823 1287 primum
839 1200 880 1269 de
903 1201 1056 1269 incendio
1080 1223 1170 1270 anno
1187 1203 1379 1270 cnxxxlx
1393 1225 1423 1291 p.
1441 1205 1472 1272 G.
1491 1227 1525 1273 n.

239 1309 319 1372 orto.
366 1303 634 1393 Capitolium
665 1307 767 1391 igitur
796 1307 837 1374 de
870 1309 963 1376 caelo
993 1312 1122 1377 tactum
1156 1311 1387 1396 conflagrant,
1411 1333 1525 1400 neque

237 1415 353 1479 tamen
383 1415 502 1478 totum.
549 1412 645 1495 Quod
674 1413 838 1501 templum
868 1437 942 1482 osse
973 1417 1167 1484 restitutum
1199 1438 1404 1504 quamquam
1438 1418 1525 1484 nihil

238 1519 320 1584 certi
350 1519 549 1606 accepimus
580 1523 696 1588 tamen
719 1521 793 1588 luce
820 1525 874 1588 est
896 1522 1026 1590 clarius.
1072 1521 1116 1589 nt
1137 1524 1251 1611 rapaci
1273 1524 1407 1591 turbine
1432 1525 1525 1592 alia

239 1624 427 1692 aedificia
441 1626 555 1692 iuxta
570 1626 669 1693 illud
686 1627 767 1694 sita
782 1628 1067 1713 deflagraueumt,
1083 1629 1118 1696 in
1135 1630 1256 1716 quibus
1272 1631 1525 1698 bibliotheca

237 1731 382 1799 testibus
405 1731 608 1820 Hieronymo
632 1736 735 1821 atque
759 1734 882 1803 Orosio.
928 1733 1045 1822 Neque
1069 1756 1149 1802 uero
1173 1737 1351 1824 quicquam
1376 1739 1458 1805 certi
1481 1738 1525 1806 de

237 1838 295 1906 illa
324 1838 537 1923 bibliotheca,
574 1861 660 1927 quae
690 1841 727 1907 in
757 1840 942 1928 Capitolino
973 1844 1088 1909 monte
1123 1843 1190 1908 sita
1221 1847 1322 1930 osset,
1355 1843 1523 1912 habemus

238 1950 369 2031 praeter
396 1945 458 2012 hos
482 1946 675 2034 Hieronymi
700 1951 734 2013 et
757 1946 864 2014 Orosii
886 1947 986 2014 locos.
1034 1948 1121 2014 Sunt
1130 1949 1157 2036 2)
1181 1952 1296 2017 autem
1320 1951 1377 2037 qui
1400 1955 1525 2039 putent

238 2053 326 2118 hanc
348 2050 584 2120 bibliothecam
611 2053 692 2121 item
725 2054 768 2120 ab
791 2053 962 2121 Hadriano
994 2055 1214 2122 constitutam
1245 2077 1321 2123 cum
1344 2057 1525 2125 Athenaeo

239 2158 453 2229 coniunctam
475 2180 558 2226 esse.
597 2161 643 2227 At
665 2161 850 2249 Jordanl)
872 2160 1001 2238 refutat
1023 2163 1213 2229 sententias
1230 2185 1314 2250 quas
1338 2164 1386 2230 illi
1405 2169 1522 2252 protu-

238 2264 351 2331 lerunt
382 2264 482 2352 idque
512 2267 603 2333 iusto
636 2267 715 2333 iure.
765 2266 918 2355 Namque
949 2269 1009 2335 ubi
1039 2272 1132 2336 esset
1161 2269 1265 2336 situm
1296 2269 1521 2353 Athenaeum,

240 2373 361 2440 crassis
377 2372 582 2440 occultatum
598 2377 634 2440 et.
649 2373 884 2441 circumfusum
900 2374 1049 2442 tenebris
1065 2375 1159 2442 latet
1197 2375 1382 2465 Becker⁴)
1406 2382 1523 2446 autem

239 2479 422 2547 arbitratur
450 2479 541 2545 iham
566 2480 766 2547 bibliotheca
789 2481 936 2567 porticus
959 2482 1121 2549 Octauiae
1143 2483 1387 2571 Hieronymum
1419 2487 1522 2572 atque

240 2585 393 2653 Orosinm
407 2584 494 2653 falso
510 2588 644 2654 nomine
659 2587 863 2673 nominasse,
889 2588 978 2675 quod
1001 2589 1083 2656 mihi
1098 2589 1374 2657 uerisimillimum
1389 2590 1524 2658 uidetur

238 2715 328 2775 esse,
364 2694 560 2779 praesertim
594 2713 669 2759 cum
704 2715 746 2760 ex
779 2693 879 2762 titulo
903 2694 949 2760 Vl
975 2695 1239 2763 1034=31231
1266 2697 1402 2784 (notizie
1435 2696 1522 2782 degli

240 2800 332 2866 scavi
359 2799 444 2866 1887
466 2821 496 2886 p.
512 2799 587 2866 448.
610 2799 688 2866 bull.
713 2821 829 2868 comm.
856 2801 941 2869 1887
963 2823 995 2888 p.
1015 2802 1095 2887 332)
1119 2806 1283 2888 appareat
1314 2824 1404 2870 anno
1428 2803 1522 2871 conl

239 2927 269 2993 p.
285 2906 318 2973 G.
334 2927 365 2974 n.
389 2897 411 2972 a
427 2905 550 2973 Seuero
567 2911 602 2973 et
617 2905 789 2974 Caracalla
803 2909 998 2995 porticum
1014 2908 1209 2976 Octauiae
1226 2931 1301 2976 esse
1317 2912 1521 2993 restitutam,

239 3015 420 3101 postquam
434 3012 586 3080 incendio
603 3012 714 3080 deleta
730 3014 785 3097 sit,
802 3013 836 3081 id
851 3015 941 3101 quod
955 3015 1000 3082 ¹ad
1015 3014 1205 3082 incendium
1223 3037 1313 3083 anno
1329 3016 1522 3085 CLXXXIX

239 3141 270 3207 p.
287 3120 318 3187 O.
335 3141 366 3186 n.
391 3123 500 3187 ortum
524 3122 675 3208 spectare
698 3124 790 3206 puto.
837 3121 929 3203 Quae
952 3121 1080 3190 inerint
1111 3123 1179 3190 alia
1206 3122 1361 3190 aedificia
1384 3125 1448 3192 hoc
1470 3124 1521 3191 in-

241 3227 356 3294 cendio
381 3226 501 3310 deleta,
525 3227 721 3311 inuestigari
743 3248 812 3296 non
835 3231 956 3315 potest.

347 3333 469 3400 Restat
490 3335 598 3420 igitur,
623 3338 663 3401 ut
685 3333 823 3402 doceam
846 3335 886 3402 de
910 3336 1014 3403 altero
1038 3335 1200 3420 incendio,
1225 3338 1315 3424 quod
1330 3338 1425 3405 breui
1441 3341 1522 3406 ante

242 3439 411 3507 Commodi
437 3445 578 3508 mortem
602 3440 814 3508 estfactum.
859 3443 948 3526 Ignis
972 3443 1062 3509 enirn
1093 3447 1186 3511 ortus
1218 3448 1272 3511 est
1301 3445 1337 3510 in
1367 3445 1521 3512 aedificio

240 3549 382 3635 priuato,
407 3547 494 3634 quod
518 3552 591 3614 erat
613 3550 710 3615 iuxta
731 3548 848 3615 Pacis
875 3551 1066 3638 templum
1089 3551 1201 3618 situm.
1246 3551 1363 3638 Neque
1386 3572 1520 3638 prorsus

238 3654 463 3738 conflagrauit
496 3654 552 3722 illo
586 3653 740 3722 incendio
773 3655 871 3722 Pacis
907 3657 1077 3743 templum.
1086 3659 1112 3744 ⁶)
1168 3656 1398 3724 Herodianum
1433 3659 1521 3726 enim

349 3850 367 3918 ¹)
386 3849 488 3905 Herod.
507 3850 519 3904 l
534 3849 654 3922 1a1sq.

348 3939 367 4004 q
386 3938 539 4004 Preller‚
565 3939 610 3994 dic
628 3939 697 4011 Reg.
723 3941 749 3996 d.
775 3941 816 3996 St.
835 3941 869 3996 R.
888 3958 915 4012 p.
930 3941 983 3997 170
1000 3942 1065 3998 adn.
1080 3941 1110 4009 13
1129 3959 1155 4014 p.
1169 3941 1223 3997 220
1240 3943 1306 3998 adn.
1320 3944 1344 3998 1.
1382 3943 1524 3999 (tilbert

240 4027 472 4098 1.s.111p.340.
507 4028 940 4102 Hirschfeldl.s.p.801.
976 4031 1073 4097 Ihm,
1101 4031 1363 4088 dieBibliothekcn
1391 4033 1421 4087 in
1439 4033 1522 4122 Rom,

239 4115 429 4172 Uentralblott
446 4115 493 4172 liu
510 4117 781 4174 Bibliothclrswesen
803 4118 872 4174 1893
890 4135 918 4190 p.
931 4119 992 4176 521.

349 4205 368 4275 ³)
388 4205 522 4261 dordan
540 4207 557 4261 l.
571 4222 592 4262 s.
613 4206 653 4261 12
670 4223 698 4277 p.
711 4207 747 4263 30
765 4208 829 4264 adn.
842 4207 890 4276 31;
910 4225 936 4280 p.
949 4209 993 4274 61,
1013 4225 1096 4281 quem
1110 4213 1225 4265 secutus
1238 4212 1283 4265 est
1301 4209 1450 4266 Richter
1467 4210 1485 4266 l.
1499 4227 1521 4266 s.

240 4312 269 4366 p.
286 4294 340 4350 249

342 4337 368 4454 ¹⁴)
386 4384 526 4440 Becker
544 4383 561 4440 l.
575 4401 596 4440 s.
614 4401 641 4456 p.
654 4383 709 4440 394
728 4386 792 4441 adn.
804 4385 873 4453 7653
899 4389 999 4442 contra
1017 4387 1035 4441 J
1043 4386 1156 4443 ordan
1174 4388 1191 4442 l.
1205 4405 1228 4444 e.
1247 4387 1287 4443 12
1305 4387 1381 4460 p.30
1398 4389 1465 4444 adn.
1477 4388 1520 4444 31.

348 4473 367 4541 ³)
389 4473 489 4528 Mirum
508 4476 559 4539 est,
579 4474 654 4545 quod
672 4475 815 4529 annalium
834 4475 986 4546 scriptores
1004 4477 1140 4547 templum
1157 4477 1241 4532 Pacis
1265 4493 1358 4549 neque
1378 4493 1397 4532 a
1415 4477 1522 4548 Vespa-

241 4562 322 4617 siano
341 4562 524 4618 aedificatum
543 4577 635 4633 neque
654 4566 714 4618 tum
732 4562 855 4617 flammis
874 4565 1110 4635 comprehensum
1129 4581 1191 4620 esse
1209 4567 1360 4623 testantur.
