3208 4992
752 290 974 359 ..70-

230 488 330 554 quam
354 467 383 534 si
404 473 536 554 partem
551 468 699 554 siphonis
715 468 940 535 necessariam
956 467 1121 534 Ctesibius
1137 470 1306 551 cognitam
1322 469 1519 554 habuisset,

229 574 316 641 Hero
341 575 413 641 sine
430 575 530 641 dubio
545 596 615 641 non
631 574 807 642 omisisset.
841 573 957 662 Neque
973 573 1249 642 uerisimillimum
1265 579 1318 642 est
1334 578 1520 645 machinae

229 681 324 748 illum
348 703 448 748 usum
470 681 662 748 Vitruuium
685 681 785 768 plane
808 686 991 768 ignorasse,
1008 702 1084 748 cum
1099 685 1234 769 propter
1248 683 1391 750 Heronis
1408 685 1520 750 uerba

230 793 261 854 oi
283 792 421 873 αι’φωνες
446 791 494 860 οἷς
517 796 656 874 χρῶνιαι
678 792 722 861 εἰς
745 789 819 860 τοὺς
842 791 1053 874 ἕμπρησμούς
1083 790 1199 873 negari
1222 809 1290 856 non
1313 792 1424 877 possit
1446 790 1520 858 Ro·

229 917 348 962 manos
372 896 506 962 demum
527 898 683 979 Augusto
705 896 906 983 imperatore
931 879 1137 980 cognouisse.

335 1021 386 1086 Ex
409 1040 474 1107 quo
497 1023 646 1106 tempore
670 1019 827 1087 machina
850 1019 1015 1087 Ctesibica
1035 1018 1079 1085 ad
1094 1019 1250 1086 incendia
1265 1021 1521 1104 exstinguenda

229 1127 356 1194 Romae
386 1126 516 1214 publice
547 1128 623 1193 usui
651 1127 751 1194 erat?
796 1126 1034 1193 Buttmann
1057 1126 1112 1192 uel
1134 1128 1289 1210 Augusto
1312 1127 1521 1213 imperatore

229 1234 400 1301 Romanos
430 1231 465 1300 id
494 1233 615 1301 iecisse
646 1236 754 1320 putat.
801 1233 867 1300 Sed
890 1234 1023 1300 cautius
1046 1233 1293 1300 Beckmann
1317 1255 1360 1300 ex
1382 1234 1520 1318 Pliniilt

231 1346 267 1407 et
287 1337 512 1426 Apollodorit
534 1340 616 1408 locis
639 1340 772 1424 collegit
793 1340 927 1406 Traiani
949 1340 1149 1426 imperatore
1171 1339 1236 1408 hoc
1250 1342 1520 1408 instrumentum

230 1446 274 1513 ad
307 1446 462 1514 incendia
499 1446 742 1534 compescenda
778 1448 882 1513 luisse
920 1444 1118 1514 adhibitum.
1175 1446 1253 1513 Sine
1286 1446 1387 1515 dubio
1424 1449 1520 1515 enim

229 1553 366 1637 Plinius,
396 1556 437 1620 ut
467 1555 591 1640 opinor,
626 1575 701 1621 cum
734 1552 965 1640 ,Nicomediae
997 1553 1126 1619 nullum
1153 1575 1299 1641 usquam
1321 1555 1358 1621 in
1380 1555 1520 1642 publico

231 1661 414 1746 siphonem,
438 1660 568 1727 nullum
589 1661 852 1728 instrumentum
880 1659 923 1727 ad
946 1660 1101 1727 incendia
1123 1660 1371 1746 compescenda
1387 1662 1520 1728 fuisse“

231 1768 374 1834 Traiano
398 1768 538 1854 scripsit,
562 1766 651 1835 idem
675 1789 716 1835 ea
738 1788 825 1855 quae
840 1767 968 1834 Romae
990 1766 1049 1834 illa
1072 1769 1186 1834 aetate
1209 1768 1245 1834 in
1267 1769 1430 1834 incendiis
1454 1768 1520 1834 ad-

230 1874 433 1941 hibebantur
470 1873 646 1942 domandis
684 1875 896 1959 significauit.
950 1876 1063 1962 Atque
1096 1873 1232 1940 firmum
1267 1878 1518 1960 argumentum,

230 2001 296 2069 quo
328 1981 463 2047 Traiani
494 1983 697 2068 temporibus
729 1983 887 2068 siphones
918 1981 962 2048 ad
991 1980 1145 2048 incendia
1168 1981 1415 2064 exstinguenda
1437 1985 1521 2049 usui

229 2087 335 2154 inisse
359 2086 615 2171 demonstratur,
640 2089 884 2155 Beckmann
910 2086 1027 2154 attulit
1048 2086 1133 2154 haec
1149 2087 1255 2154 uerba
1270 2087 1521 2178 Apollodorifi)

230 2196 310 2260 κατὰ
343 2196 377 2260 cr
407 2196 446 2260 τὰ
475 2198 669 2280 προκείμενα
698 2203 764 2267 τοῖς
785 2197 979 2280 πυροβόλοις
1001 2197 1095 2279 μέρη,
1119 2197 1239 2279 ἐπαίρει
1262 2196 1330 2260 ἀντὶ
1353 2197 1519 2280 σωλήνων

229 2306 320 2387 βοῶν
351 2305 459 2386 ἔντερα
490 2305 702 2387 περιφέροντα
734 2304 826 2387 ὕδωρ
853 2305 898 2374 εἰς
920 2304 1006 2386 ὕψος
1027 2303 1276 2373 τούτοις·ἀσκολ
1299 2303 1361 2386 γὰρ
1384 2304 1521 2387 πλήρεις

229 2411 347 2481 ὕδατος
368 2411 592 2494 παρατίθενται
621 2411 675 2474 καὶ
701 2410 888 2492 θλιβόμενοι
910 2410 1200 2493 &reciperemur
1222 2433 1288 2474 που
1312 2411 1521 2494 ἀκρωτήριον

230 2519 357 2602 καίηται
390 2518 608 2602 όυσεπίβατον,
638 2518 684 2601 μὴ
716 2516 738 2601 ᾖ
769 2517 804 2581 όὲ
835 2518 973 2599 ὄργανον
1005 2514 1023 2581 ὃ
1054 2517 1191 2580 καλεῖται
1225 2517 1340 2599 σλφων,
1375 2517 1522 2600 κάλαμοι

230 2625 323 2689 πάλιν
353 2627 536 2708 τετρημένοι
569 2625 680 2708 ὥσπερ
713 2625 744 2688 oi
769 2629 834 2687 τῶν
857 2625 988 2697 ἰξεντῶν
1011 2623 1205 2706 ἁρμόζονται
1228 2623 1312 2688 ὅπου
1337 2623 1387 2687 όεῖ
1406 2625 1523 2707 φέρειν

231 2731 347 2803 αὐτοὺς
369 2732 469 2814 ὕδωρ,
490 2732 587 2822 ἀαιιοί
605 2755 638 2795 τε
652 2731 783 2814 πλήρεις
804 2730 985 2812 πιεζόμενοι
1007 2729 1191 2812 ἐκόλίβουσι
1215 2729 1255 2793 δι’
1278 2730 1387 2795 αὐτῶν
1407 2731 1458 2794 ἐπὶ
1480 2732 1522 2796 τὸ

231 2839 404 2921 καιόμενον
448 2839 557 2902 τόπον.
622 2836 746 2917 Quinto
785 2838 900 2901 autem
940 2833 996 2900 uel
1033 2835 1146 2920 potius
1185 2836 1341 2925 quarto⁸)
1379 2835 1520 2902 saeculo

231 2943 408 3029 siphonem
435 2942 636 3010 Ctesibicam
667 2942 859 3008 machinam
880 2939 1086 3007 intellectam
1114 2962 1188 3007 esse
1214 2940 1406 3028 Hesychius
1434 2963 1459 3010 s.
1486 2965 1520 3012 u.

232 3053 338 3135 σίφων
362 3049 469 3132 docet,
494 3052 596 3137 atque
618 3049 757 3116 ineunte
780 3048 922 3135 septimo
946 3048 1078 3114 saeculo
1102 3046 1283 3131 isidoruS,⁴)
1308 3047 1398 3135 apud
1415 3070 1522 3136 quem

232 3158 318 3224 haec
348 3157 473 3243 scripta
495 3155 665 3223 uidemus:
690 3155 831 3241 „siphon
860 3176 924 3221 uas
955 3154 1171 3241 appellatum,
1198 3153 1287 3242 quod
1310 3176 1418 3242 aquas
1442 3155 1522 3222 sui-

232 3263 345 3331 llandc
367 3262 505 3346 fundat3
535 3265 678 3329 utuntur
712 3263 801 3329 enim
835 3263 899 3328 hcc
928 3261 1117 3345 orientales
1148 3282 1229 3328 nam
1258 3260 1318 3327 ubi
1348 3264 1523 3330 senserint

233 3371 369 3438 domum
393 3370 518 3454 ardere,
543 3373 680 3436 currunt
703 3390 779 3436 cum
802 3368 998 3456 siphonibus
1015 3389 1113 3454 aqua,
1131 3370 1166 3434 et
1181 3368 1386 3451 extinguunt
1400 3371 1520 3436 incen-

234 3478 298 3560 dia,
332 3477 392 3544 sed
426 3480 462 3543 et
496 3497 647 3543 camaras
682 3477 847 3564 expressis
882 3474 925 3542 ad
960 3475 1131 3562 superiora
1165 3476 1262 3562 aquis
1297 3475 1519 3542 emundant“

233 3584 305 3666 Quo
337 3605 379 3650 ex
409 3583 482 3650 loco
506 3582 681 3666 colligatur
703 3583 879 3669 siphonem
901 3583 936 3648 in
960 3581 1140 3649 occidentis
1163 3581 1316 3668 partibus
1341 3603 1449 3669 usque
1473 3583 1524 3652 ad

232 3691 313 3758 illud
336 3694 471 3778 tempus
493 3689 645 3774 ignotum
667 3688 781 3756 fuisse.
850 3687 852 3692 ’

341 3813 892 3898 Quaecumitasint,iortassc
915 3814 1097 3881 ineunte
1121 3812 1312 3880 secundo
1335 3814 1525 3881 saeculo

232 3925 331 4011 ipsa
367 3923 498 3990 Roma
541 3919 750 4008 siphones
791 3920 967 4008 publice
1005 3919 1056 3987 ad
1094 3920 1302 3987 incendia
1339 3922 1523 3988 exstin-

233 4028 406 4115 guenda
427 4031 471 4097 in
493 4050 574 4096 usu
596 4027 741 4095 fuisse
764 4027 966 4095 arbitror.

235 4211 449 4223 ———-—-——

343 4316 363 4387 ¹)
382 4315 458 4377 Prin.
474 4315 554 4386 epist.
574 4314 611 4369 ad
628 4312 740 4369 maian.
760 4313 804 4368 33.

342 4406 362 4476 ¹)
381 4404 510 4476 Apollod.
528 4403 675 4474 poliorcet.
693 4418 721 4472 p.
742 4401 793 4456 174
812 4401 855 4457 ed.
873 4400 987 4457 Wesch.

343 4496 362 4564 'l
381 4495 410 4551 G.
429 4495 450 4549 l.
469 4494 499 4548 h.
518 4492 555 4547 Vl
575 4491 657 4548 3744.

342 4584 363 4654 4)
381 4583 445 4638 leid.
465 4583 534 4652 orig.
552 4580 604 4635 XX
621 4580 648 4646 6,
658 4579 684 4635 9.
