3234 4990
792 240 1015 306 ..58-

262 419 341 507 quid
364 420 536 504 significet,
565 419 688 486 iustius
711 439 813 507 quam
835 416 1030 505 Vegetius1)
1053 417 1110 504 qui
1139 419 1321 504 postquam
1347 417 1383 482 in
1413 415 1549 482 illorum

261 548 400 594 numero
432 526 545 594 omnia
574 547 715 593 munera
739 525 975 592 centurionatn
997 523 1156 591 inferiora
1188 524 1299 607 duxit,
1331 525 1419 590 haec
1452 523 1550 590 dicit:

262 635 318 719 „hi
341 638 422 701 sunt
444 633 567 701 milites
582 632 781 721 principales
804 633 861 720 qui
880 631 1061 719 priuilegiis
1075 633 1283 698 muniuntur.
1298 631 1418 719 reliqui
1435 630 1548 696 muni·

260 741 343 808 lices
366 739 588 828 appellantur,
620 741 700 827 quia
729 760 869 806 munera
898 739 1009 806 lacere
1032 741 1218 823 cogrmtur“
1241 737 1368 805 indicat
1390 737 1549 824 Macota)

260 847 350 934 apud
379 867 480 934 quem
502 847 608 914 uerba
637 847 722 914 haec
744 855 838 930 sunt3
873 846 1087 931 „inreuerens
1117 845 1213 913 miles
1251 866 1319 912 non
1355 848 1498 911 tantum
1527 866 1549 910 a

259 954 394 1022 tribuno
429 955 485 1021 uel
520 953 727 1037 centurione,
762 953 949 1020 sedetiam
972 973 994 1018 a
1015 951 1188 1039 principali
1221 953 1422 1020 coercendus
1462 955 1543 1019 est.“

259 1061 403 1146 Magnus
437 1063 553 1128 autem
586 1081 746 1128 numerus
779 1058 911 1126 illorum
944 1080 1121 1126 munemm
1154 1059 1326 1146 prohibet,
1362 1045 1545 1146 quominus

259 1168 373 1235 omnia
394 1189 536 1236 munera
557 1168 593 1234 in
615 1170 744 1234 rectum
766 1166 984 1254 promotionis
1008 1165 1156 1233 ordinem
1178 1167 1388 1253 recipiantur.
1433 1167 1543 1248 Quare

260 1275 369 1342 dicam
391 1275 536 1362 primum
558 1274 599 1341 de
623 1274 817 1341 muneribus
847 1272 1018 1360 praelecti,
1050 1272 1169 1340 deinde
1200 1272 1434 1360 subpraefecti,
1466 1277 1542 1359 post

258 1381 393 1466 tribuni,
425 1384 499 1448 tum
531 1383 712 1467 centuriae,
744 1380 886 1468 denique
917 1380 1071 1447 cohortis.
1121 1379 1235 1447 Simile
1265 1400 1397 1467 quoque
1429 1379 1542 1447 docuit

258 1487 521 1576 Mommsen⁸)
544 1508 621 1556 cum
643 1488 728 1555 dixit
750 1487 982 1575 principalium
1005 1487 1119 1555 officia
1140 1488 1176 1554 in
1199 1489 1395 1554 uniuersum
1416 1488 1454 1553 in
1476 1486 1540 1553 duo

258 1616 381 1679 genera
396 1594 506 1663 diduci
521 1616 629 1682 posse,
647 1616 788 1682 quorum
800 1594 943 1662 alterum
955 1616 977 1661 a
988 1595 1189 1682 praeposito,
1205 1594 1348 1661 alterum
1364 1616 1387 1661 a
1401 1595 1537 1678 uigilum

259 1722 392 1789 corpore
415 1700 583 1789 penderet.
617 1700 662 1768 m
683 1701 772 1768 illius
794 1701 928 1789 quidem
952 1701 1082 1785 generis
1105 1722 1180 1768 esse
1204 1723 1246 1768 ea
1260 1723 1402 1769 munera
1417 1701 1537 1790 quibus

258 1830 327 1876 non
357 1828 497 1896 semper,
530 1809 588 1875 sed
620 1808 667 1875 ibi
692 1808 771 1892 iere,
796 1809 854 1875 ubi
878 1808 1028 1875 cllidum
1050 1808 1148 1895 plene
1171 1812 1206 1875 et
1229 1807 1404 1892 diligenter
1427 1808 1535 1876 deter-

257 1917 451 2001 minaretur,
486 1916 697 2002 praepositus
731 1915 983 1996 adscriberetur,
1018 1915 1156 1982 alterius
1191 1922 1316 2002 autern,
1348 1915 1471 2003 quibus
1498 1918 1537 1980 ut

258 2043 359 2110 saepe
376 2022 614 2107 adiungeretur
628 2043 798 2106 numerus,
816 2023 905 2108 apud
919 2043 1021 2109 quem
1037 2025 1189 2109 occupati
1208 2044 1284 2090 esse
1298 2023 1534 2104 inuenirentru,

256 2129 307 2195 ita
329 2131 540 2218 praepositus
563 2129 626 2196 snb
650 2150 716 2216 qno
739 2129 987 2211 militamssent,
1010 2151 1186 2216 nunquam
1209 2131 1475 2217 annaneane)

365 2253 513 2320 Primum
535 2254 637 2338 igitru
659 2253 836 2321 dicendum
860 2257 914 2320 est

640 2359 676 2422 do
693 2359 860 2423 nunerlluu
878 2358 1019 2430 undem
1037 2359 1164 2431 duflum.

257 2449 692 2538 Benerieieriorumr)
714 2449 936 2538 praefecti
958 2451 1016 2538 qui
1039 2450 1245 2538 apraeiecto
1269 2451 1435 2518 beneficia
1450 2451 1530 2518 acci·

256 2557 433 2645 piabant,⁶)
467 2579 554 2644 quae
589 2561 624 2624 et
657 2556 870 2624 immunitate
904 2578 1080 2625 munerum
1113 2559 1303 2644 uulgarium
1337 2562 1374 2625 et
1395 2558 1530 2646 pecunie

257 2663 449 2732 constitisse
471 2663 638 2749 uidentur,
663 2685 821 2731 numerus
846 2665 930 2731 satis
952 2686 1096 2750 magnus
1118 2664 1193 2732 iuit
1233 2666 1388 2753 Namque
1410 2666 1444 2732 in
1466 2684 1530 2730 nna

257 2771 391 2838 cohorte
421 2771 558 2838 fuerunt
591 2772 774 2859 quinque.⁷)
819 2772 1084 2839 Promouebatur
1114 2775 1230 2839 autem
1257 2793 1300 2839 ex
1322 2771 1527 2841 beneficiario
1590 2843 1591 2854 2

256 2877 417 2971 praefecti
439 2877 763 2946 cornicularius
786 2880 1051 2966 praelecti,⁸l
1081 2880 1171 2967 quod
1196 2882 1345 2947 testatur
1367 2879 1445 2948 ordo
1467 2897 1526 2965 quo
1589 2951 1590 2970 ,

255 2986 291 3051 in
313 2984 482 3052 laterculis
505 2979 777 3053 Kellermanni
799 2987 1049 3074 recensentur.⁹)
1084 2986 1307 3054 Praeiuerunt
1331 2983 1526 3055 cornicularii
1587 2983 1589 3022 ³

363 3253 382 3322 ¹)
401 3252 500 3325 Veget.
520 3252 538 3309 l.
556 3268 578 3309 s.
591 3268 613 3308 s.

362 3342 381 3411 ¹)
400 3340 463 3412 Dig.
480 3341 569 3398 XLIX
588 3341 630 3409 16,
651 3341 692 3408 lli
711 3342 743 3410 43
762 3343 785 3398 Ι.
803 3341 829 3409 6,
848 3344 866 3399 7
885 3343 930 3413 [6].

363 3430 383 3498 ⁸)
401 3429 590 3487 Mommsen
608 3430 680 3503 Epir.
699 3431 785 3503 epigr.
803 3431 842 3486 lv
859 3448 887 3502 p.
905 3432 968 3489 662.

362 3520 383 3587 ⁴)
401 3519 531 3576 tabulam
563 3520 737 3592 singulorum
769 3537 915 3578 munerum
942 3521 1059 3592 uigilum
1087 3523 1185 3579 attulit
1211 3523 1441 3580 Kellermann
1466 3524 1522 3580 la

254 3623 281 3679 p.
300 3605 343 3664 20.
362 3606 395 3662 21
426 3624 509 3681 quem
536 3609 626 3664 secuti
644 3613 712 3668 sunt
730 3610 893 3668 Wilman.
921 3611 1040 3683 exempl.
1058 3628 1096 3667 nc
1117 3612 1186 3668 1499
1204 3615 1235 3668 61
1252 3612 1456 3686 Morquardt
1472 3613 1521 3667 is

253 3695 292 3750 11¹
308 3712 335 3767 p.
354 3696 416 3754 557.
434 3696 496 3755 959.

362 3785 383 3857 ⁵)
401 3802 429 3842 v.
447 3785 713 3844 Demaenewslri
731 3790 808 3861 apud
823 3789 954 3846 P.-Wiss.
974 3806 996 3846 s.
1015 3807 1042 3846 u.
1061 3790 1260 3848 beneficiarius
1278 3792 1326 3864 (111
1344 3791 1417 3863 271).

360 3875 380 3945 ⁶)
398 3876 500 3932 Festus
511 3892 538 3949 p.
551 3876 599 3946 aa
618 3877 702 3934 aliter
719 3879 820 3948 Veget
838 3879 856 3935 l.
876 3896 898 3936 s.
911 3880 937 3934 11
955 3879 986 3935 ⁷:
1002 3880 1193 3948 „beneficiarii
1204 3883 1240 3938 ab
1252 3898 1287 3937 eo
1299 3881 1442 3954 appellati,
1454 3875 1518 3952 qnod

253 3967 456 4035 promouentur
466 3965 607 4024 beneficio
618 3966 809 4024 tribunorum“
825 3969 870 4024 uel
881 3969 1098 4041 praefectorum
1117 3971 1217 4043 ltaque
1229 3987 1287 4026 non
1299 3972 1392 4028 solum
1403 3967 1516 4032 triburie

253 4055 287 4108 ut
303 4053 388 4110 facile
407 4055 470 4126 quis
488 4071 504 4110 e
521 4055 622 4127 Veget.
651 4056 744 4113 uerbis
771 4058 950 4125 concluserit,
974 4059 1024 4114 sed
1043 4060 1130 4116 etiarn
1147 4059 1307 4132 praelectis.
1325 4055 1517 4133 subpraeieclls

253 4141 380 4198 ederant.

361 4231 381 4302 ²)
400 4231 469 4289 coni
487 4231 714 4290 Kellermonn
732 4236 750 4290 l.
763 4251 786 4294 s.
798 4252 825 4307 p.
839 4237 881 4292 16.
893 4236 932 4294 ib.
944 4237 1027 4294 inser.
1040 4238 1066 4294 4.
1099 4239 1129 4295 0.
1141 4240 1163 4295 1.
1176 4240 1207 4295 Ι..
1220 4239 1257 4295 Vl
1269 4238 1331 4295 220.
1345 4233 1516 4298 mcc-rou.

255 4318 332 4376 1059.
351 4319 431 4390 2966.Ι
458 4321 620 4379 Kellerm.
639 4340 677 4380 no
689 4323 733 4379 74.
761 4324 873 4381 Gauer
892 4326 911 4383 l.
924 4343 946 4382 s.
959 4344 987 4399 p.
999 4326 1062 4383 392.
1080 4328 1135 4384 999
1149 4329 1346 4385 beneficiarios
1364 4323 1517 4400 composuit

200 4425 214 4456 .·
233 4421 250 4468 ξ·
277 4408 467 4499 '2¹:'fl01·
486 4410 516 4466 1..
535 4410 652 4469 v1414.
673 4412 750 4468 105⁷.
772 4413 848 4470 1058.
885 4415 997 4472 Wilm.
1015 4417 1077 4472 692.
1114 4419 1225 4474 Cauer
1242 4418 1260 4474 l.
1280 4435 1302 4474 s.
1321 4436 1347 4491 p.
1366 4417 1427 4474 414.

202 4531 207 4541 ·
224 4511 229 4526 ¹
247 4499 253 4536 ’·
310 4487 380 4567 ”·’)
399 4499 467 4556 conl
478 4499 634 4557 Kellerm.
652 4501 774 4558 indicem
792 4520 819 4575 p.
834 4502 867 4559 15
886 4504 1041 4562 exhibitum
1057 4507 1088 4563 in
1100 4509 1228 4564 centuria
1239 4507 1369 4565 Valentis
1387 4500 1516 4565 etVorini·
