3208 4992
605 291 821 357 „43-

10 503 11 520 2
79 470 207 536 tutione
231 469 431 556 templorum
462 469 503 536 de
534 469 751 536 basilicae
783 472 944 537 ornatu
968 525 975 538 .
999 520 1006 535 .
1030 521 1037 536 .
1061 468 1102 536 de
1134 468 1361 537 exaedifi-

10 611 11 686 ]
81 577 256 643 catione
287 575 609 664 amphitheatri
633 577 784 661 agere‘?“,
808 575 1006 662 praesertim
1031 597 1107 644 cum
1128 575 1185 643 illo
1207 575 1361 644 incendio

79 683 203 770 templa
225 683 320 750 laesa
342 685 418 751 siut.
465 683 557 764 Quae
581 704 656 749 cum
679 684 729 750 ita
752 683 835 768 sint,
866 682 1019 750 incendio
1044 704 1134 750 anno
1157 681 1363 750 GGXXXVII

9 811 10 896 ,
79 813 108 877 p.
126 791 156 857 Ο.
171 812 203 856 n.
227 791 316 857 facto
339 790 551 876 potissimum
579 801 680 877 opera
703 793 738 857 et
760 789 894 876 publica
917 797 952 856 et
973 791 1122 876 priuata,
1154 811 1242 878 quae
1265 792 1363 858 erant

9 903 10 954 Ψ
80 897 145 964 sita
178 897 230 964 ad
263 896 420 981 forum,
456 900 582 964 uexata
617 917 692 964 esse
726 897 868 964 arbitror
901 896 1141 984 flammamque
1175 918 1284 985 usque
1318 895 1363 963 ad

9 1075 10 1078 Ἴ
79 1003 275 1070 Flauium
299 1003 679 1090 amphitheatrum
703 1004 874 1091 serpsisse.
904 999 1363 1091 ImprimisigiturragioVIII

8 1105 10 1198 l
80 1111 147 1196 igni
171 1109 284 1178 deleta
307 1113 368 1177 est.

186 1234 284 1302 Nunc
307 1236 462 1302 uenimus
486 1236 529 1302 ad
551 1235 754 1321 incendium,
779 1257 846 1323 quo

564 1343 729 1429 Philippi
751 1343 882 1411 hahis

81 1452 193 1517 aetate
224 1448 305 1515 urbs
335 1449 444 1516 Roma
474 1452 613 1517 uastata
648 1452 709 1518 est.
765 1451 864 1516 Anno
897 1450 987 1516 enim
1018 1448 1202 1516 CCXLVIII
1225 1471 1255 1536 p.
1272 1448 1304 1515 0.
1320 1470 1362 1530 n,

80 1559 152 1622 tum
173 1557 286 1642 ipsum
309 1577 385 1623 cum
418 1556 635 1642 „millesimus
658 1577 769 1623 annus
792 1557 920 1624 Romae
943 1556 1036 1623 urbis
1058 1556 1189 1641 ingenti
1209 1554 1365 1623 ludorum

81 1666 246 1751 apparatu
262 1662 594 1751 spectaculorumque
611 1663 799 1730 celebratus
815 1666 931 1748 est,“²)
951 1662 1176 1731 theatrum
1191 1663 1366 1749 Pompei

81 1775 114 1837 et
147 1770 501 1858 hecatonstylon
535 1769 687 1838 incendio
714 1792 831 1837 rursus
859 1771 1191 1855 conflagrauerunt')
1245 1767 1362 1855 Neque

6 2019 8 2104 Ι

5 2107 7 2210 l

81 1898 159 1944 uero
182 1879 303 1944 notum
325 1880 393 1962 est,
426 1899 513 1965 quae
536 1876 640 1944 fuerit
662 1899 767 1944 causa
796 1876 897 1944 huius
926 1877 1139 1945 calamitatis.
1185 1875 1365 1943 Praeterea

80 1985 279 2071 porticus
301 1983 508 2072 Pompeia
530 2005 617 2071 quae
629 1988 703 2052 erat
714 1984 894 2052 coniuncta
906 2005 981 2053 oum
993 2005 1117 2051 scaena
1128 1983 1217 2050 illius
1228 1983 1364 2068 theatri,

80 2092 225 2158 flammis
249 2090 360 2158 deleta
389 2091 523 2159 uidetur
554 2112 644 2176 esse,
676 2090 765 2160 unde
796 2090 987 2158 incendium
1018 2091 1062 2158 ad
1092 2090 1364 2178 hecatonstylon,

81 2203 119 2265 111
141 2218 245 2284 supra
267 2197 345 2281 dixi,
370 2201 424 2264 est
445 2219 665 2284 progressum.
703 2198 803 2265 Breui
819 2201 934 2266 autem
950 2201 1027 2286 post
1042 2198 1213 2265 theatrum
1229 2196 1367 2285 Pompei

81 2305 294 2392 porticusque
301 2306 462 2372 restituta
469 2308 532 2390 est,
541 2307 710 2393 quoniam,
719 2309 760 2372 ut
766 2305 855 2372 infra
863 2326 1039 2393 exponam,
1052 2325 1142 2371 anno
1151 2302 1367 2371 GOLXXXIII

81 2434 110 2498 p.
127 2411 160 2478 O.
177 2433 209 2478 n.
240 2412 322 2479 item
352 2412 500 2479 flammis
532 2413 809 2500 comprehensum
839 2410 920 2478 illud
952 2415 1014 2478 est
1070 2412 1120 2479 De
1152 2411 1365 2478 restitutione

81 2518 308 2607 hecatonstyli
335 2519 418 2586 nihil
440 2521 621 2586 memoriae
645 2522 698 2587 est
720 2519 891 2586 traditum.
931 2518 1073 2586 Constat
1086 2519 1189 2603 igitur
1203 2517 1260 2584 illo
1276 2538 1366 2584 anno

82 2626 252 2710 reglonem
273 2625 320 2692 lX
343 2630 502 2715 exparte
525 2627 672 2693 flammis
695 2626 860 2694 interisse.

190 2751 310 2819 'lhibus
334 2752 433 2819 annis
456 2757 534 2840 post

672 2860 784 2929 Decio

83 2964 283 3052 imperatore
306 2965 511 3053 superiorem
532 2969 663 3053 partem
694 2965 1018 3054 amphitheatri
1040 2965 1186 3032 Flauii
1209 2963 1250 3031 de
1273 2962 1366 3031 caelo

83 3071 166 3139 tacti
189 3071 311 3139 iterum
334 3072 403 3156 igni
427 3095 503 3139 esse
527 3072 743 3161 absumptam
765 3073 1026 3160 Hieronymusl)
1057 3075 1212 3138 testatur.
1249 3069 1367 3157 Neque

84 3200 162 3246 uero
187 3200 332 3265 usquam
355 3183 641 3264 commemoratur,
672 3201 755 3246 num
784 3180 922 3246 flamma
950 3179 1053 3246 latius
1085 3178 1249 3265 serpserit.
1295 3177 1367 3258 Quo

85 3305 173 3352 anno
197 3284 279 3353 illud
301 3286 473 3353 theatrum
495 3284 658 3354 refectum
682 3287 736 3370 sit,
760 3287 843 3354 Item
869 3286 1066 3370 inuestigari
1081 3306 1150 3352 non
1167 3286 1289 3371 potest
1323 3285 1369 3349 At

85 3392 185 3478 paulo
208 3395 287 3479 post
307 3392 390 3459 illud
414 3393 524 3460 denuo
547 3393 583 3459 in
606 3415 671 3460 usu
694 3393 798 3477 111114)

193 3516 412 3604 Temporibus

86 3729 281 3797 thermae
296 3732 442 3798 Anton
453 3624 1130 3819 ruianaehugoeffieflsgraueruntp)
1146 3751 1233 3816 quae
1248 3731 1369 3815 postea

87 3837 129 3903 ab
152 3837 333 3904 Aureliano
357 3840 460 3925 atque
483 3838 691 3906 Diocletiano
715 3841 797 3905 sunt
818 3837 1034 3926 restitutael)

194 4103 214 4173 ¹)
233 4104 348 4176 Eutrop.
367 4105 393 4171 9,
412 4105 438 4159 3.

195 4193 217 4262 ⁸)
235 4192 348 4249 HIeron.
366 4210 393 4250 a.
411 4194 477 4250 Abr.
495 4194 575 4250 2263.

195 4283 347 4352 ¹)Hierou.
366 4300 392 4339 a.
410 4283 476 4339 Abr.
495 4283 575 4339 2268.

195 4371 215 4441 ⁴)
233 4372 376 4428 RIohter
393 4372 411 4428 l.
431 4389 454 4428 s.
472 4389 500 4443 p.
521 4372 580 4428 167.

195 4461 214 4529 ⁶)
234 4461 336 4517 chron.
355 4461 422 4519 miu,
442 4461 455 4516 1
472 4477 500 4531 p.
520 4460 580 4516 148.

196 4550 215 4619 1)
235 4549 304 4605 c.1.
323 4549 355 4604 L.
374 4550 412 4605 VI
432 4549 509 4606 1138.
531 4549 610 4606 1173.
