3208 4992
621 288 841 353 ...49-

87 487 123 534 re
151 466 298 534 incendii
324 465 506 552 periculum
530 465 725 551 augebatur.
771 468 817 532 At
839 465 940 552 paulo
962 469 1042 552 post
1064 465 1220 534 aedificia
1242 466 1369 553 pariete

88 574 256 640 communi
290 573 440 641 construi
473 576 554 639 sunt
588 573 708 657 uetita,
743 594 812 660 qua
845 572 918 657 lege
954 571 1097 640 altitudo
1128 573 1203 660 ipsa
1237 595 1368 660 queque

87 679 316 746 aedificiorum
350 680 537 747 constituta
570 683 630 746 est.
676 678 784 760 Quam
817 679 927 764 legem
949 677 1095 746 Vitruuii
1130 683 1244 747 aetate
1268 681 1370 747 etiam

86 786 236 853 ualuisse
259 791 400 873 apparet
422 809 466 853 ex
488 786 638 854 eiusdem
659 785 768 875 loco¹)
792 785 903 872 „leges
926 785 1079 873 publicae
1102 806 1171 854 non
1194 787 1370 874 patiuntur

84 894 229 960 maiores
253 893 492 960 crassitudines
514 914 617 980 quam
639 891 889 980 sesquipedales
905 894 1065 960 constitui
1080 894 1154 961 loeo
1170 895 1368 961 communi.“

84 1003 197 1087 Atque
220 1001 395 1084 Augustus
425 1001 497 1087 ipse
526 1000 670 1088 Rutili,¹)
701 1001 758 1087 qui
785 1021 875 1067 anno
900 998 955 1066 GV
979 1022 1009 1067 a.
1033 999 1066 1067 G.
1089 1022 1121 1067 n.
1144 1001 1367 1087 consuleret,

86 1109 272 1174 orationem
296 1107 358 1192 „de
381 1105 479 1174 modo
502 1106 762 1192 aedificiorum“,
791 1128 893 1193 quam
916 1107 971 1173 ille
995 1108 1068 1174 siue
1091 1109 1128 1176 in
1150 1111 1273 1175 senatu
1296 1109 1368 1176 siue

85 1213 129 1279 ad
161 1213 323 1300 populum
357 1213 532 1295 habuerat,
565 1215 793 1281 Romanorum
828 1214 863 1280 in
886 1214 1081 1281 memoriam
1111 1213 1254 1298 reduxit,
1281 1237 1367 1303 „quo

83 1322 192 1404 magis
220 1321 459 1406 persuaderet“
483 1319 575 1388 illam
599 1341 691 1406 „rem
713 1341 782 1388 non
813 1321 856 1387 ab
887 1342 924 1387 se
955 1321 1060 1407 primo
1085 1320 1367 1406 animaduersam,

83 1426 144 1494 sed
179 1427 328 1514 antiquis
361 1428 429 1494 iam
463 1429 546 1494 tuno
580 1448 679 1495 curae
708 1426 880 1514 fuisse.“⁸)
924 1427 1016 1494 Idem
1042 1427 1077 1492 in
1102 1429 1241 1495 coloniis
1265 1433 1367 1516 atque

83 1534 274 1621 municipiis
289 1533 406 1601 Italiae
422 1533 512 1618 leges
529 1535 570 1601 de
585 1534 683 1600 medo
700 1533 928 1600 aedificiorum
943 1536 979 1600 in
994 1535 1191 1602 memoriam
1208 1534 1368 1603 domuum

83 1639 294 1707 dominorum
317 1640 485 1730 reduxit4)
522 1643 634 1728 Atque
658 1640 699 1708 de
721 1643 876 1725 Augusto
900 1662 976 1708 cum
999 1641 1161 1708 traditum
1184 1643 1230 1709 sit
1243 1645 1282 1708 τὰ
1297 1646 1366 1728 ὕψη

80 1754 147 1813 τῶν
177 1755 299 1814 καινῶν
329 1750 601 1833 οἰκοδομημάτων
630 1750 787 1823 καθελών,
822 1750 876 1814 καὶ
906 1750 1056 1820 κωλύσας
1086 1751 1220 1834 ἐξαίρειν
1254 1753 1368 1817 ποδῶν

82 1857 309 1940 ἑβδομήκοντα
331 1857 367 1921 τὸ
389 1857 472 1940 πρὸς
493 1863 559 1928 ταῖς
574 1857 663 1928 ὁδοῖς
676 1863 742 1928 ταῖς
758 1857 959 1942 δημοσίαιςῤ)
976 1855 1074 1923 facile
1089 1856 1239 1940 intellegi
1254 1861 1367 1942 potest

81 1964 157 2031 tum
188 1961 343 2028 aedilicia
376 1983 438 2029 sex
470 1963 527 2029 uel
560 1968 690 2049 septem
723 1962 887 2029 tabulatis
922 1983 996 2029 esse
1028 1961 1156 2050 edita⁰)
1208 1962 1366 2050 Idemque

80 2068 183 2135 iussit
206 2067 356 2136 aedilicia
379 2090 465 2156 quae
488 2069 578 2136 ultra
599 2069 687 2136 fines
710 2070 932 2156 praescriptos
953 2073 1096 2137 extensa
1112 2073 1238 2156 essent,
1255 2069 1367 2138 diruta

81 2175 126 2241 ad
162 2175 374 2243 altitudinem
407 2176 534 2243 licitam
567 2175 672 2259 redigi
705 2178 794 2242 teste
828 2174 1011 2265 leianoffl
1043 2177 1132 2263 apud
1169 2197 1269 2264 quem
1303 2179 1366 2245 hee

80 2282 244 2369 scriptum
273 2281 443 2349 uidemus:
475 2285 526 2368 „si
548 2283 622 2370 quis
644 2282 757 2350 illicite
780 2283 1001 2369 aedificasset,
1034 2283 1066 2349 id
1099 2287 1152 2351 est
1182 2285 1246 2350 hoe
1276 2284 1366 2371 quod

80 2389 168 2454 dirui
191 2388 448 2457 constitutiones
471 2391 619 2456 iubent.“
666 2388 887 2471 Quidnam?
932 2388 980 2455 Vt
1001 2389 1191 2457 incendium
1222 2412 1244 2457 a
1267 2390 1364 2458 domo

80 2517 146 2562 sna
177 2500 315 2581 arceret,
348 2518 461 2564 nonne
493 2518 567 2564 eam
590 2496 667 2563 Piso
691 2519 713 2564 a
734 2495 965 2563 fundamentis
998 2518 1104 2583 usque
1128 2496 1172 2564 ad
1196 2519 1364 2564 summum

79 2607 211 2670 tectum
226 2624 309 2670 saxo
322 2603 485 2692 quadrato
500 2607 656 2672 accurate
672 2603 918 2688 exaedilieauit,
935 2624 1038 2691 quam
1051 2603 1092 2670 ob
1105 2625 1177 2671 rem
1188 2608 1365 2688 Augustus

80 2709 207 2776 dixisse
229 2709 335 2778 fertur
344 2713 368 2796 ⁸)
390 2710 484 2777 illum
507 2711 657 2778 animum
680 2731 779 2778 suum
802 2709 1019 2795 exhilarasse,
1040 2732 1118 2777 cum
1137 2712 1187 2778 ita
1202 2711 1363 2780 aedifica·

80 2817 192 2883 uisset
214 2838 255 2884 ac
278 2818 307 2884 si
328 2818 437 2884 Roma
460 2821 551 2884 esset
565 2819 679 2885 futura
694 2819 899 2904 sempiterna
914 2819 1073 2902 (εὔθυμον
1087 2845 1129 2903 με
1145 2827 1246 2892 ποιεῖς
1261 2823 1365 2895 οὕτως

80 2925 277 3008 οἰκοδομῶν,
309 2927 356 2998 ὡς
386 2926 489 2992 ἀιδίου
518 2933 574 3010 τῆς
593 2926 720 3010 Ῥώμης
751 2925 942 3014 ἐσομένης)δ
988 2929 1100 3013 Atque
1127 2925 1211 2993 illud
1232 2926 1365 2996 Pisonis

81 3029 272 3117 exemplum
302 3031 518 3118 imperatores
550 3033 657 3099 secuti
681 3036 763 3120 sunt
785 3053 861 3100 cum
883 3033 955 3100 fora
979 3055 1042 3101 sua
1065 3033 1237 3100 altissimis
1260 3037 1363 3102 muris

80 3136 376 3206 circumdederunt.
421 3138 537 3226 Neque
567 3159 648 3205 uero
679 3138 768 3206 omni
795 3143 943 3226 tempore
966 3139 1043 3206 illae
1066 3140 1158 3224 leges
1183 3161 1362 3208 conserua-

80 3243 214 3310 bantur.
250 3244 321 3326 Quo
346 3246 435 3312 enim
449 3245 548 3313 modo
563 3245 639 3312 fieri
653 3246 804 3332 potuisse
820 3249 932 3332 putas,
948 3251 988 3312 ut
1003 3245 1193 3313 Neroniano
1209 3246 1361 3315 incendio

80 3353 155 3417 tota
188 3349 259 3417 fere
295 3353 374 3418 urbs
409 3352 666 3420 absumeretur?
711 3350 759 3418 Vt
793 3355 909 3419 autem
942 3353 1084 3420 Romam
1118 3352 1207 3419 illius
1238 3356 1361 3421 aetatis

81 3457 286 3541 cogitatione
322 3457 491 3546 depingas,
525 3458 627 3526 uelim
660 3458 752 3542 legas
788 3480 874 3545 quae
905 3458 1034 3527 Seneca
1044 3460 1069 3548 ⁰)
1109 3463 1145 3526 et
1177 3460 1361 3550 Tacitus10)

188 3618 208 3688 ²)
227 3618 336 3674 Vitrun.
355 3618 480 3684 118‚17.
516 3618 588 3674 Plin.
606 3635 633 3674 n.
653 3618 681 3674 h.
699 3618 802 3673 XXXV
821 3617 881 3675 173.
1265 3635 1269 3642 ·

187 3707 208 3774 ⁸)
225 3706 348 3777 Voigt,
367 3707 502 3763 Berichte
513 3724 539 3778 p.
554 3707 614 3764 182.
632 3708 738 3774 idem,
757 3707 838 3763 aem.
851 3707 1127 3778 Rechtsgeechichte
1140 3707 1158 3780 ξ
1171 3709 1214 3776 20,
1224 3710 1250 3765 4.
1262 3710 1306 3778 22,
1318 3710 1360 3767 14.

188 3797 208 3864 ³)
227 3796 306 3851 Suet.
324 3797 397 3866 Aug.
416 3795 460 3851 89.
476 3857 480 3870 ..

187 3886 208 3953 ⁴)
226 3885 293 3943 coni
311 3884 569 3941 Gardthausen
586 3887 605 3941 L
624 3902 647 3942 s.
665 3886 678 3940 1
696 3884 714 3939 2
731 3902 759 3957 p.
777 3883 832 3941 952
849 3885 914 3942 adn.
933 3886 959 3942 4.

186 3972 206 4044 ⁶)
227 3973 329 4030 Strabo
347 3973 373 4028 V
391 3973 453 4040 8,7.
488 3975 696 4046 Marquardt
714 3974 731 4028 l.
751 3990 773 4031 s.
792 3974 829 4028 ΙΙἱ
847 3992 875 4047 p.
894 3975 948 4030 124
965 3975 1030 4031 adn.
1049 3974 1080 4044 2;
1099 3975 1164 4031 v11¹
1181 3993 1208 4048 p.
1227 3977 1289 4034 222.

186 4065 207 4132 ⁶)
225 4063 451 4119 Poehlmann
468 4063 486 4119 l.
506 4081 528 4119 e.
547 4081 574 4136 p.
586 4062 630 4119 98.
650 4066 750 4120 contra
767 4063 1029 4120 llriedlaender
1045 4065 1064 4120 l.
1082 4082 1105 4120 s.
1118 4065 1143 4119 1⁶
1155 4083 1182 4138 p.
1196 4065 1213 4120 ‘1
1227 4070 1361 4138 quattuor

80 4153 211 4209 tabulata
228 4152 428 4224 luisse'putat
464 4152 588 4224 Voigt,
607 4153 741 4209 Berichte
759 4170 787 4225 p.
807 4153 867 4209 184.

187 4242 206 4308 ⁷)
225 4242 287 4313 Dig.
306 4241 408 4296 XXXII
428 4240 452 4308 l,
473 4242 514 4308 11,
536 4242 577 4298 14.

187 4331 300 4402 arluc.
318 4330 521 4402 apophthegm.
539 4331 612 4402 Aug.
632 4331 665 4387 15
683 4347 710 4402 p.
729 4329 824 4388 mi.
856 4332 1147 4388 Gardthausenl.
1161 4331 1358 4407 s.121›.eass;

81 4419 106 4474 ss
123 4419 141 4474 2
158 4437 186 4492 p.
204 4419 259 4476 600
275 4421 340 4476 adn.
359 4419 403 4476 26.

186 4511 206 4578 ⁰)
226 4509 324 4566 Senes.
343 4512 432 4566 contr.
450 4509 475 4564 ll
493 4509 520 4576 9,
532 4509 573 4564 11.

175 4598 206 4669 ²⁰)
225 4597 290 4655 Tse.
308 4614 374 4656 ann.
393 4597 444 4655 XV
461 4597 505 4655 38.

134 4693 244 4742 warner.
