3208 4992
617 301 838 368 ..17-

78 499 182 544 mons
198 478 361 545 nobilium
377 477 529 545 domibus
545 477 838 568 coaedificabatur.
870 479 1012 546 constat
1026 480 1128 564 igitur
1144 501 1233 547 anno
1245 479 1369 548 XXVII

78 607 112 671 p.
130 585 163 652 O.
180 606 212 652 n.
244 583 315 651 iere
344 587 453 651 totam
475 584 687 668 regionemlI
711 585 780 670 igni
803 588 977 653 uastatam
1000 607 1083 653 esse.

194 691 361 772 Quattuor
384 691 481 758 annis
504 694 581 777 post
603 691 726 758 milites
753 691 866 760 Seiani
888 691 1104 776 indignantes
1135 697 1270 781 propter
1293 697 1326 762 st
1351 732 1368 744 -

81 799 178 864 dium
200 798 236 864 in
258 798 352 864 illum
375 819 412 864 se
435 800 610 885 suspectos
633 819 708 866 esse
731 798 916 886 uigiIesque
939 799 1003 866 sibi
1027 800 1070 866 ob
1092 799 1195 866 fidem
1218 801 1253 866 in
1269 801 1368 868 Iibe-

79 906 171 971 rium
195 905 364 991 anteponi,
388 904 543 972 incendia
564 904 684 972 fecisse
708 906 771 972 Dio
788 909 905 973 auctor
921 910 981 973 est.
989 909 1013 989 1)
1047 905 1163 994 Neque
1184 929 1264 974 uero
1281 929 1367 995 quae

80 1012 177 1079 urbis
202 1015 315 1099 partes
338 1012 407 1096 igni
430 1011 499 1078 sint
521 1014 689 1094 uastatos,
713 1013 909 1098 inuestigari
932 1015 1053 1099 potest.

193 1119 324 1202 Restat,
355 1121 396 1184 ut
426 1116 563 1186 doceam
594 1117 634 1184 de
662 1119 766 1186 altero
792 1124 890 1187 uasto
914 1119 1067 1187 incendio
1091 1120 1212 1187 Tiberii
1234 1123 1367 1208 tempo-

79 1227 176 1292 ribus
199 1226 235 1291 in
258 1226 340 1292 urbe
364 1227 445 1292 orto.
498 1226 597 1292 Anno
621 1226 709 1292 enim
732 1225 873 1292 XXXVI
897 1249 926 1314 p.
944 1225 976 1293 G.
992 1249 1024 1294 n.
1056 1228 1163 1294 circi
1192 1229 1369 1294 maximi

79 1353 162 1420 pars
187 1353 273 1419 quae
296 1332 466 1398 Auentino
497 1332 605 1398 monti
635 1333 794 1416 contigua
830 1337 912 1415 erat,
947 1335 1085 1421 Ipseque
1116 1333 1368 1401 Auentinus

80 1460 205 1506 mons
239 1439 386 1507 flammis
420 1439 624 1526 perieruntp
681 1441 730 1506 Ac
764 1443 837 1506 turn
872 1439 1006 1527 quidem
1041 1441 1117 1508 circi
1151 1442 1368 1509 tabernae

81 1547 225 1632 eiusque
247 1567 380 1612 summa
403 1544 642 1630 contabulatio,
673 1567 761 1632 quae
793 1549 907 1634 partes
938 1547 1014 1615 circi
1044 1551 1142 1615 erant
1164 1548 1235 1632 igni
1258 1549 1367 1615 conci-

78 1653 205 1740 piendo
239 1652 389 1736 idoneae,
426 1655 461 1719 et
491 1652 575 1719 circo
606 1652 669 1739 ipsi
701 1656 736 1719 et
766 1654 932 1720 ulcinis
963 1654 1193 1721 aediliciis
1223 1656 1367 1741 periculo

78 1759 230 1826 fuerunt
276 1759 430 1846 Namque
452 1760 566 1826 omnia
587 1761 715 1846 templa
738 1762 773 1827 ot
796 1759 959 1845 aedilicia,
990 1781 1077 1848 quae
1106 1761 1171 1828 hoc
1194 1761 1229 1827 in
1252 1765 1368 1829 monte

78 1866 198 1953 posita
222 1868 327 1950 erant,
351 1869 425 1933 tum
447 1866 517 1950 igni
540 1866 661 1932 deusta
684 1870 774 1933 sunt.
821 1867 907 1934 Tum
930 1889 1062 1955 quoque
1086 1868 1240 1936 Tiberius
1263 1890 1366 1956 pecu-

79 1973 161 2039 nias
184 1974 234 2057 iis,
259 1973 316 2060 qui
340 1972 500 2039 damnum
522 1971 600 2038 inde
622 1972 783 2059 tulerant,
806 1975 928 2041 iterum
950 1974 1125 2062 impendit,
1133 1976 1158 2065 8)
1189 1979 1228 2043 ut
1251 1974 1368 2042 domos

80 2101 165 2147 suas
188 2079 372 2148 reficerent.
419 2078 548 2146 Circum
570 2080 754 2146 maximum
778 2084 893 2148 autem
916 2080 1074 2149 Claudius
1104 2082 1240 2149 uidetur
1269 2084 1366 2150 resti-

78 2188 231 2274 tuisse.⁴)
268 2189 367 2253 Anno
391 2187 492 2270 igitur
506 2186 647 2253 XXXVI
662 2209 692 2274 p.
709 2187 741 2254 O.
757 2209 790 2254 n.
812 2189 902 2272 regio
918 2189 994 2254 XIII
1016 2188 1163 2255 flammis
1187 2190 1322 2257 interiit.

193 2293 311 2380 Neque
341 2315 421 2360 uero
450 2315 516 2380 quo
548 2315 637 2360 anno
668 2315 775 2380 pons
814 2295 1176 2363 naumachiarius
1214 2296 1366 2364 incendio

81 2400 214 2467 Tiberio
237 2401 436 2487 imperatore
461 2403 533 2467 orto
557 2400 847 2488 conflagrauerit⁶)
870 2402 933 2468 dioi
956 2404 1077 2489 potest.

190 2507 241 2574 le
263 2506 316 2572 his
340 2529 426 2595 quae
450 2507 645 2574 breuissIme
669 2507 739 2573 dixi
761 2509 845 2574 satis
861 2512 1001 2595 apparet
1016 2508 1138 2576 Tiberii
1161 2511 1367 2597 temporibus

81 2614 201 2680 urbem
234 2615 377 2681 Romam
415 2614 720 2681 uehementissimis
754 2615 917 2682 incendiis
952 2619 1127 2682 uastatam
1163 2638 1237 2684 esse
1269 2617 1367 2684 sicuti

82 2724 239 2804 Augusto
262 2722 468 2807 imperatore.

191 2827 288 2895 Nunc
310 2827 487 2894 uideamus
510 2848 597 2915 quae
618 2827 774 2895 incendia
795 2829 922 2896 Romae

640 2934 803 3019 Caligula

82 3042 285 3128 imperatore
309 3045 384 3108 orta
407 3043 483 3109 sint.

191 3149 289 3214 Anno
312 3147 482 3215 XXXVIII
511 3169 541 3235 p.
559 3148 590 3216 0.
611 3170 643 3216 n.
673 3148 865 3216 incendium
888 3150 1011 3218 alicubi
1041 3153 1151 3218 ortum
1182 3150 1366 3236 Caligulam

83 3276 161 3322 eum
183 3255 345 3321 militibus
368 3255 564 3322 restinxisse
587 3258 623 3323 et
644 3257 788 3343 pecunia
821 3277 879 3323 eos
907 3257 1087 3342 adiuuisse,
1113 3258 1170 3344 qui
1186 3256 1365 3325 detrimen-

81 3367 157 3428 tum
180 3361 399 3448 accepissent,
417 3361 552 3429 (lessius
575 3362 668 3446 Dio⁰l
692 3366 938 3430 commemorat
983 3363 1100 3451 Neque
1123 3385 1191 3451 qua
1212 3366 1248 3430 in
1270 3368 1366 3452 parte

82 3469 175 3534 urbis
198 3467 232 3534 id
255 3468 445 3535 incendium
468 3469 595 3535 factum
619 3469 672 3553 sit,
697 3471 875 3556 quicquam
898 3471 978 3536 certi
1001 3471 1199 3556 accepimus.

189 3576 371 3642 Praeterea
407 3577 555 3642 testatur
592 3575 805 3661 Suetonius&
849 3576 1014 3643 domum
1053 3576 1284 3661 Caligulae
1329 3579 1365 3644 tn

80 3681 214 3751 Palatio
238 3683 348 3768 sitam,
372 3683 499 3769 inqua
520 3681 575 3748 ille
598 3684 799 3770 occubuerit,
830 3683 982 3750 incendio
1015 3687 1251 3771 consumptam
1280 3706 1364 3768 esse,

81 3789 115 3855 h.
140 3809 167 3856 e.
197 3792 276 3875 post
306 3810 335 3856 a
362 3789 391 3856 d.
406 3789 453 3856 IX
475 3787 542 3855 kal.
558 3789 650 3857 Febr.
675 3791 756 3856 anni
777 3789 852 3856 XLI
874 3812 904 3877 p.
922 3790 954 3857 Ο.
970 3792 1033 3877 n.⁸)
1085 3791 1194 3872 Quam
1229 3791 1365 3860 domum

192 3965 211 4036 a
230 3967 284 4022 nio
302 3966 390 4021 nvm
410 3965 452 4032 12,
464 3967 488 4023 1.

191 4056 211 4126 ²)
231 4056 284 4112 Dio
294 4056 383 4111 LVIII
395 4055 440 4121 26,
450 4055 476 4112 5.
490 4056 557 4114 Tac.
570 4057 730 4124 ann.V145,
743 4073 802 4114 non
814 4057 857 4124 51,
871 4057 1022 4129 utscripsit
1040 4057 1185 4114 Richter
1197 4057 1215 4114 l.
1228 4074 1249 4114 s.
1262 4076 1289 4129 p.
1305 4058 1365 4117 176.
1474 4113 1477 4120 ,

191 4146 211 4212 8)
230 4145 298 4201 Tac.
317 4145 335 4201 l.
355 4162 378 4202 s.
398 4162 419 4201 s.
456 4145 510 4202 Dio
529 4145 547 4202 l.
566 4163 589 4203 s.
608 4163 630 4203 s.
666 4147 744 4202 Suet
763 4146 850 4218 Calig.
865 4147 907 4202 16.

190 4233 211 4303 4)
229 4235 384 4290 RIehter
402 4235 419 4291 l.
433 4252 455 4291 s.
468 4253 495 4307 p.
510 4235 570 4292 176.

191 4323 211 4393 q
228 4322 301 4382 Plin.
318 4341 346 4380 n
360 4324 388 4379 b.
400 4325 463 4380 XVI
476 4323 536 4382 190.
554 4323 617 4381 200.

191 4412 211 4482 ο)
229 4412 283 4468 Dio
302 4413 363 4468 LIX
381 4412 407 4478 9,
417 4414 442 4470 4.

192 4502 211 4571 ⁷)
231 4501 309 4558 Suet.
328 4501 415 4573 Calig.
428 4501 474 4558 59.

191 4592 211 4661 8)
230 4591 350 4658 Nisse,
370 4590 509 4647 Grundrib
528 4591 554 4648 d,
572 4592 641 4648 rom.
660 4592 837 4658 Geschichta
857 4610 883 4664 p.
899 4593 961 4650 192.

135 4686 247 4732 warner.
1167 4683 1185 4738 2
